4169 6177
1715 241 13 7 ..
2031 227 122 13 ~
2177 94 5 154 ,
3295 158 8 24 ,
3304 158 85 24 ---1,..,m
3389 158 9 24 ,
3483 163 19 13 .
3531 94 5 154 •
3921 136 11 7 -
4029 94 60 58 ,i*.t.
4089 94 11 58 l
4100 94 11 58 P

883 278 291 202 711

526 367 34 6 ..
1049 341 24 19 •
1121 239 5 135 .
1220 239 5 135 .
3257 247 281 63 .........ciut,,,
3549 244 52 57 Al
4090 239 21 32 .1
4135 241 6 37 i
4141 241 6 37 .
4147 241 12 37 .,
4159 241 7 37 1

504 335 5 46 .
653 335 2 46 .
1922 335 17 7 _

1573 343 2 5 •

883 317 169 168 (oil
3236 366 24 40 (

3307 369 174 39 .ant4ru-

1527 369 5 118 .
3319 369 98 31 4o

4100 413 12 41 i
4136 409 28 51 ...4

4144 456 22 35 it

1196 531 311 50 LONDON,
1554 522 367 59 TITESDAY,:..

1969 526 379 41 FEBRUARY
2402 529 189 38 171824.

1072 651 20 13 ~
1108 644 57 30 The
1182 644 89 28 Cave
1281 644 56 34 for
1367 640 91 28 which
1476 635 214 31 HAMPDEN
1700 638 63 35 fell
1783 638 33 27 in
1839 635 50 31 the
1907 635 94 33 Field,
2044 635 59 28 and
2121 637 167 28 SYDNOY
2300 637 70 28 died
2392 645 37 20 on
2459 637 48 30 the
2528 635 130 39 Scaffold

112 671 60 44 CTo.
195 672 100 37 6906

3495 637 137 39 PRICE
3651 635 48 37 7d

65 782 53 30 Tits
126 780 45 30 day
183 775 22 24 is
222 769 145 37 published,
384 767 27 26 Is
429 772 51 19 one
497 764 73 31 large
587 761 112 30 volume,
718 758 61 26 tiro.
801 754 72 35 price
899 750 27 30 11
926 750 13 30 1
939 750 14 30 '

428 800 27 26 in
467 797 105 30 boards,

69 852 170 52 .b.,—+ACRED
252 844 298 35 LITERATURE;
580 839 183 43 comprising
785 846 19 21 a
824 834 123 31 Review

122 901 28 24 of
161 896 40 24 the
219 888 145 32 Principles
381 888 32 24 of
428 883 181 33 Composition
622 881 52 25 laid
691 882 77 21 down
791 878 35 31 by
839 876 45 22 the
895 876 52 22 late

69 935 80 31 Robert
161 925 97 28 Loath.
270 922 33 25 D.
315 921 33 24 D.
360 918 67 26 Lord
439 918 99 31 Bishop
562 917 32 25 of
609 913 119 26 London,
741 911 26 24 In
790 909 41 24 his
844 907 89 25 Prelee-

69 974 56 24 tions
133 961 44 27 and
188 956 93 28 Isaiah,
294 954 50 25 and
357 958 33 19 an
404 950 167 34 Application
591 947 31 25 of
635 946 44 24 the
700 941 146 33 Principles
857 946 32 18 so
908 946 27 17 re-

70 998 80 33 viewed
162 999 24 20 to
198 991 40 25 the
249 985 177 30 Illustrations
435 984 31 25 of
480 983 44 25 the
535 981 63 26 New
617 979 155 26 Testament
782 983 8 21 ;
817 973 27 26 in
859 980 17 18 a
898 972 34 25 Se-

70 1041 39 24 ries
116 1031 26 25 of
154 1022 103 31 Critical
267 1019 189 27 Observations
467 1024 34 19 on
513 1016 43 25 the
566 1015 67 32 style
644 1012 53 25 and
710 1012 129 24 structure
847 1007 31 26 of
892 1007 57 24 that

71 1063 77 32 Snored
158 1058 113 26 Volume.

252 1087 39 32 By
304 1085 43 25 the
356 1085 67 25 Rev.
433 1081 97 26 JOHN
541 1080 102 26 JEBB.
656 1077 70 25 D.D.

311 1119 69 24 Lord
390 1116 100 31 Bishop
502 1114 32 25 of
549 1111 139 27 Limerick.

99 1156 93 33 Printed
206 1156 39 24 for
255 1152 34 27 T.
300 1149 102 31 Cadell,
413 1149 26 26 in
452 1152 43 22 the
506 1144 96 28 Strand
615 1152 7 24 ;
639 1143 52 26 and
712 1140 45 27 W.
778 1136 170 31 Blackwood,

71 1191 136 37 Edinburgh.

146 1224 35 25 Of
194 1221 81 24 whom
286 1224 59 25 may
356 1215 58 25 also
431 1214 35 25 be
477 1213 61 28 had,
557 1212 37 31 bf
604 1209 45 25 the
659 1215 71 18 same
744 1205 110 28 Author.

92 1261 126 25 SIMMONS,
229 1259 32 18 on
279 1247 123 33 Sebjrcs
418 1246 93 31 chiefly
536 1241 148 27 Practical;
704 1239 61 24 with
789 1235 161 26 Illustrative

72 1298 11 26 s
83 1298 11 26 o
93 1298 12 26 l
105 1298 12 26 e
117 1298 24 26 s,
154 1287 45 25 and
211 1292 31 18 an
252 1281 146 34 Appendix,
407 1279 111 30 relating
530 1280 27 21 to
567 1276 44 25 the
617 1274 143 25 Character
767 1271 32 24 of
804 1267 144 27 theChureh

74 1330 21 25 of
107 1320 120 34 England,
239 1325 30 17 as
280 1313 189 33 distinguished
482 1310 63 26 both
556 1309 65 25 from
633 1307 74 25 other
720 1303 131 26 Branches
863 1302 31 25 of
907 1300 44 24 the

76 1354 156 33 Reformation
243 1350 48 25 and
305 1349 65 24 from
383 1346 43 25 the
436 1345 107 24 modern
555 1341 102 26 Church
676 1339 31 25 of
719 1338 92 25 Rome.
847 1333 104 26 Second

952 1368 1 5 •

77 1390 99 28 Edition,
190 1385 67 32 price
273 1383 50 24 10s.
334 1380 43 26 6d.
390 1380 27 25 in
431 1376 106 27 boards.

1063 746 109 28 FROM
1192 741 215 33 SATURDAY
1427 738 158 31 NIGHT'S
1605 735 190 31 GAZETTE.

1919 735 89 31 which
2022 744 56 19 was
2089 741 28 24 to
2130 737 125 38 dispense
2275 739 66 27 with
2355 738 48 28 the
2425 739 66 27 wise
2516 739 172 28 restrictions
2712 746 61 20 now
2794 738 30 28 in

1920 774 73 28 force
2004 781 28 19 as
2047 777 28 25 to
2083 772 106 35 raising
2202 784 112 27 money,
2322 776 117 31 without
2450 776 97 28 alarm.
2583 775 63 28 The
2663 775 112 28 holders
2796 775 32 28 of

1920 808 80 31 small
2013 814 102 24 estates
2128 819 67 19 even
2207 821 60 18 now
2281 813 87 26 found
2383 822 15 18 a
2411 811 138 39 difficulty
2562 811 30 28 in
2615 811 123 35 meeting
2750 811 76 27 their

1920 846 106 32 claims,
2052 846 50 27 but
2113 846 24 27 if
2154 847 47 27 the
2224 844 94 39 Usury
2333 848 77 28 Laws
2422 857 71 19 were
2507 848 131 37 repealed,
2652 849 66 34 they
2731 848 90 27 would

1922 883 34 26 be
1969 882 116 27 angled
2095 887 28 22 to
2137 887 87 22 atoms
2237 883 37 35 by
2285 883 47 27 the
2343 889 190 28 mortgagees.
2569 883 72 28 This
2660 883 59 27 Bill
2733 883 93 26 would

1923 918 69 27 have
2002 917 48 27 the
2060 917 79 27 effect
2156 918 32 26 of
2207 919 107 35 raising
2334 918 48 28 the
2404 919 76 37 price
2499 919 33 27 of
2545 927 107 28 money,
2673 920 50 27 but
2743 918 85 28 could

1923 959 50 22 not
1985 951 122 40 possibly
2118 952 84 30 lower
2219 953 32 30 it.
2288 954 48 27 All
2350 956 47 27 the
2421 954 170 37 advantages
2604 956 90 27 which
2717 956 25 27 it
2761 954 66 27 held

1924 996 48 22 out
1996 999 72 19 were
2083 989 132 30 intended
2245 991 46 30 for
2311 992 77 28 those
2408 992 63 28 who
2503 991 54 30 had
2588 1002 99 26 money
2705 997 30 24 to
2752 991 76 33 lend,

1924 1032 48 21 not
1991 1026 43 27 for
2047 1026 79 27 those
2137 1028 92 27 whose
2254 1028 133 37 necessity
2406 1028 115 38 obliged
2542 1029 76 27 them
2629 1033 28 24 to
2673 1030 155 27 borrow.—

1928 1063 56 27 But
2019 1071 31 21 as
2085 1063 46 27 the
2169 1063 81 28 latter
2293 1063 135 35 appearea
2476 1069 30 22 to
2550 1064 59 28 him
2644 1070 31 22 to
2712 1065 34 26 be
2781 1065 32 26 ob-

1920 1098 74 38 jects
2004 1107 73 19 more
2091 1098 145 35 deserving
2249 1098 32 27 of
2290 1100 146 34 attention,
2448 1100 63 28 'and
2526 1108 28 20 as
2567 1100 37 27 be
2615 1098 100 30 should
2728 1100 100 35 always

1925 1134 91 37 prefer
2033 1133 48 30 the
2099 1133 90 38 safety
2205 1135 32 28 of
2254 1136 47 28 the
2331 1136 87 38 needy
2435 1136 57 28 and
2523 1136 170 28 necessitous
2720 1142 28 22 to
2780 1136 48 27 the

1924 1170 131 28 Interests
2065 1170 33 26 of
2108 1170 47 26 the
2169 1170 72 34 rich,
2256 1172 34 27 he
2309 1173 81 27 could
2404 1179 47 22 not
2472 1173 146 35 discharge
2643 1173 45 27 his
2699 1173 71 37 duty
2781 1181 32 19 un-

1928 1207 53 28 less
1997 1207 35 26 he
2044 1207 94 28 moved
2151 1208 64 27 that
2225 1209 46 26 the
2285 1207 59 28 Bill
2362 1209 33 30 be
2407 1209 64 28 read
2486 1218 15 19 a
2515 1209 99 27 second
2627 1209 66 26 time
2709 1209 53 26 this
2777 1209 52 34 day

1926 1243 45 28 six
1990 1243 120 26 months.

2854 735 129 33 facturer,
2993 733 54 30 and
3060 733 107 38 beggar
3181 733 46 26 the
3239 733 193 33 Government,
3455 733 61 27 that
3540 733 25 26 is
3589 742 15 18 a
3624 730 142 30 sufficient

2854 778 144 31 argnment
3007 777 28 21 to
3047 771 99 27 induce
3159 769 46 30 the
3227 769 86 27 house
3332 774 28 22 to
3373 769 81 37 reject
3471 771 44 26 the
3533 769 56 30 Bill
3604 770 35 30 b►
3653 768 67 28 each
3744 778 15 15 a

2854 808 130 37 majority
2994 816 31 18 as
3034 807 58 28 will
3111 806 107 38 compel
3231 803 46 28 the
3288 804 124 28 Learned
3428 806 137 38 Sergeant
3581 816 81 19 never
3676 804 63 38 aga'
3745 813 18 19 n

2854 849 30 22 W
2895 843 85 35 bring
2992 843 24 27 it
3028 842 129 28 forward.

1200 831 87 27 WAR
1303 829 142 28 OFFICE,
1463 827 70 26 FEN.
1557 826 44 32 IS,
1622 826 71 27 1824.

1007 904 33 25 ittl
1054 900 141 32 Regiment
1204 899 32 25 of
1245 896 58 26 Life
1320 894 239 26 Guards—Cornet
1578 892 50 25 and
1650 883 156 33 Sub-Lieut.
1819 891 71 25 Wm.

978 935 110 24 Wowen
1097 934 93 25 Rooks
1202 935 27 20 to
1243 931 33 24 he
1289 928 94 28 Lieut.,
1395 927 37 31 by
1442 925 135 32 purchase.
1589 925 59 25 vice
1659 925 112 30 Collins,
1782 922 58 26 who
1852 930 28 18 re-

977 969 64 25 tires
1051 976 7 21 ;
1076 966 34 27 E.
1121 966 34 26 G.
1168 964 128 28 Howard,
1315 964 72 31 gent,
1408 964 27 21 to
1444 960 33 24 he
1488 958 98 26 Cornet
1596 957 52 26 and
1659 956 170 31 Bub-Lieut.,
1852 956 37 32 by

978 1002 135 33 purchase,
1126 1000 57 25 vice
1194 998 100 26 Rooks.

1009 1033 46 26 3rd
1077 1036 66 28 tact.
1172 1033 32 24 of
1235 1031 79 26 Light
1344 1022 331 35 Dragoons—Veterinary
1700 1023 131 32 Surgeon,
1860 1023 30 26 J.

979 1068 133 28 Constant,
1127 1067 65 24 from
1208 1065 54 24 13th
1274 1061 79 31 Light
1361 1061 150 28 Dragoons,
1522 1062 28 21 to
1561 1059 34 24 be
1606 1056 156 33 Veterinary
1774 1057 120 32 Surgeon

980 1101 56 25 vice
1046 1098 154 27 Schroeder,
1212 1096 57 24 who
1285 1095 158 24 exchanges.

1015 1131 54 26 13th
1081 1130 200 25 ditto—Cornet
1290 1127 31 25 A.
1332 1127 31 25 A.
1381 1123 112 30 Dairen,
1512 1126 28 24 to
1552 1123 34 26 be
1598 1121 97 31 Lieut.,
1708 1121 37 33 by
1756 1121 138 33 purchase,

979 1166 57 25 vice
1048 1165 112 32 Hyslop,
1176 1162 59 25 who
1245 1160 93 25 retires
1350 1167 8 21 ;
1380 1157 99 31 Ensign
1496 1156 37 25 T.
1545 1156 31 26 F.
1602 1155 78 28 Hart,
1701 1155 67 25 from
1781 1155 44 24 the
1843 1154 52 26 63d

980 1199 65 28 foot,
1056 1201 28 21 to
1096 1198 33 24 he
1140 1196 109 26 Cornet,
1259 1194 35 31 by
1302 1193 136 31 purchase,
1452 1189 57 25 vice
1521 1188 103 26 Dalzell
1639 1196 7 20 ;
1657 1188 159 32 Veterinary
1830 1188 50 22 Sur-

980 1237 67 24 geon
1059 1230 27 26 J.
1100 1228 156 27 Schroeder,
1267 1227 66 24 from
1344 1226 41 22 the
1398 1225 45 25 3rd
1470 1222 78 30 Light
1561 1222 150 28 Dragoons,
1734 1224 30 21 to
1775 1221 34 25 be
1821 1220 61 25 Vete-

980 1264 87 31 rinary
1078 1263 129 31 Surgeon.
1218 1259 57 25 vice
1281 1258 137 26 Constant,
1433 1258 59 24 who
1504 1254 161 28 exehangag.

1010 1296 45 26 7th
1067 1298 66 30 regt.
1144 1294 31 24 of
1185 1290 201 28 foot—Cantain
1395 1290 28 25 J.
1440 1290 90 27 Brine,
1543 1287 67 26 from
1620 1286 118 32 half-pay
1752 1286 60 26 39th
1825 1286 69 28 foot,

981 1333 26 20 to
1020 1330 33 24 be
1065 1328 122 32 Captain,
1200 1326 56 25 vice
1264 1325 30 25 J.
1307 1323 115 33 Healey,
1436 1324 60 25 who
1514 1320 159 31 exchanges,
1698 1319 136 32 receiving
1854 1320 45 25 the

980 1362 146 26 differenee.

1013 1394 45 25 Bth
1068 1390 188 28 ditto—Lieut.
1269 1389 33 26 A.
1313 1389 176 27 Maciaehlan,
1511 1387 69 25 from
1589 1384 120 34 half-pay
1717 1385 61 26 49th
1791 1385 67 30 foot,
1869 1387 30 24 to

981 1426 83 31 Lieut.
1064 1426 14 31 '
1093 1426 59 25 vice
1165 1424 91 32 Spratt
1258 1441 6 9 ,
1276 1423 143 32 appointed
1430 1427 27 20 to
1469 1421 44 25 the
1522 1419 60 26 96th
1603 1419 67 26 foot.

1016 1457 57 26 18th
1085 1457 196 25 Ditto—Lieut.
1306 1456 33 24 D.
1352 1455 28 25 J.
1400 1455 117 30 Conroy,
1539 1454 66 24 from
1617 1452 43 25 the
1670 1450 64 26 63rd
1747 1450 66 28 foot,
1824 1453 30 21 to
1864 1450 35 25 be

981 1491 77 32 Copt.
1070 1491 35 31 by
1116 1489 136 33 purchase,
1263 1488 58 25 vice
1333 1488 137 31 Berkeley.
1483 1483 137 35 promoted
1630 1483 28 25 in
1670 1483 44 26 the
1715 1483 14 25 -
1729 1483 28 25 9d
1769 1478 77 30 West
1854 1480 30 27 td-

981 1522 45 26 dia
1036 1526 70 30 regt.

1306 1553 56 30 (To
1370 1552 17 26 b
1387 1552 17 26 ,
1414 1550 165 32 continued.)

1964 1277 54 30 Mr.
2033 1276 34 31 IL.
2083 1276 32 30 B.
2131 1276 156 32 COOPER
2298 1280 135 28 seconded
2446 1280 47 28 the
2515 1280 117 27 motion.
2675 1279 44 28 He
2731 1280 103 38 always

1929 1313 124 37 thought
2065 1315 47 27 the
2125 1315 163 30 limitations
2303 1317 89 30 which
2414 1326 71 19 were
2497 1316 98 39 placed
2610 1322 28 22 to
2650 1315 47 30 the
2709 1316 106 30 borrow-

1928 1352 52 35 ing
2000 1349 32 28 of
2042 1358 98 33 atone:
2153 1362 15 18 a
2181 1357 81 31 great
2283 1355 136 35 security
2419 1354 115 35 against
2552 1354 46 26 the
2622 1354 154 26 extortions
2804 1354 32 26 of

1929 1385 230 35 money-lenders.
2194 1388 77 30 Such
2285 1390 172 27 restrictions
2478 1398 69 18 were
2558 1388 151 28 calculated
2725 1395 27 21 to
2767 1389 67 37 keep

1929 1430 110 32 persona
2050 1423 94 28 whose
2163 1426 156 28 necessities
2343 1424 116 35 obliged
2481 1426 76 27 them
2580 1430 31 21 to
2624 1426 115 32 borrow,
2765 1426 69 27 from

1930 1460 73 28 rein.
2013 1457 59 30 ^fn
2091 1461 67 27 that
2179 1466 117 31 respect,
2314 1461 151 31 therefore.
2493 1461 47 26 the
2565 1465 112 32 present
2701 1460 54 30 law
2781 1470 54 18 was

1930 1498 72 25 most
2013 1493 155 31 beneficial.
2204 1496 27 27 it
2242 1496 54 27 had
2314 1496 70 26 been
2401 1495 105 35 always
2519 1495 47 27 the
2578 1495 92 37 policy
2681 1496 31 26 of
2721 1496 48 26 the
2783 1496 52 27 law

1931 1537 27 22 to
1978 1530 78 39 place
2075 1533 102 27 certain
2192 1531 172 28 restrictions
2378 1538 34 20 on
2426 1538 115 30 persons
2565 1531 115 38 lending
2692 1541 145 28 money.—

1931 1569 38 27 So
1981 1569 22 26 it
2015 1577 56 18 was
2080 1567 69 30 wish
2161 1567 196 28 sotterwriters
2381 1571 28 24 to
2428 1569 161 26 insurances
2613 1569 61 27 who
2689 1578 69 18 were
2778 1577 46 28 pre-

1929 1604 99 31 vented
2052 1605 38 37 by
2119 1604 54 28 law
2199 1597 86 44 ippii
2293 1604 139 37 charging
2450 1613 73 20 more
2542 1604 69 30 than
2630 1615 15 19 a
2667 1605 104 28 certain
2789 1615 52 28 per

1930 1646 116 32 ventage
2061 1651 38 19 on
2118 1633 130 45 policleir
2256 1639 34 30 of
2304 1639 154 28 insurance.
2515 1641 111 34 Indeed,
2648 1642 30 28 in
2699 1642 37 28 all
2761 1651 79 19 cases

1932 1678 175 35 wherviert
2114 1680 63 27 sees
2189 1676 107 33 hulked,
2296 1676 15 33 -
2319 1677 117 27 titelaw
2448 1677 126 28 declared
2589 1680 63 26 that
2665 1680 78 26 when
2760 1680 79 26 there

1932 1711 119 39 tvits'aity
2063 1714 136 26 collusion
2222 1720 32 20 or
2265 1713 200 32 concealment,
2483 1713 47 27 the
2554 1717 167 26 instrument
2747 1714 90 28 which

1931 1750 92 27 bound
2037 1750 46 26 the
2098 1748 138 27 borrower
2244 1749 33 26 of
2287 1757 98 26 money
2400 1747 102 28 should
2515 1747 34 27 be
2565 1748 115 28 invalid.
2699 1750 71 26 This
2783 1749 54 28 Bill

1931 1795 54 18 was
1997 1783 150 30 calculated
2161 1789 28 21 to
2199 1792 69 28 open
2281 1793 17 19 a
2310 1783 69 27 door
2391 1788 31 22 to
2431 1783 47 27 the
2491 1782 94 28 frauds
2596 1785 90 26 which
2696 1785 24 27 it
2730 1794 53 18 was
2793 1785 47 27 the

1930 1822 92 37 object
2029 1821 34 27 of
2070 1822 45 26 the
2127 1826 109 32 present
2246 1820 52 28 law
2311 1826 27 22 to
2352 1824 123 32 prevent.
2515 1819 41 28 He
2567 1820 52 28 had
2631 1826 47 21 not
2691 1820 84 28 heard
2786 1830 54 28 any

1932 1864 158 31 arguments
2104 1858 27 27 in
2143 1857 98 28 favour
2254 1857 32 28 of
2301 1857 47 28 the
2361 1865 131 24 measure,
2512 1857 54 27 and
2591 1852 72 32 until
2687 1858 34 26 he
2748 1858 53 27 had
2824 1867 17 18 a

1932 1897 86 27 better
2029 1905 61 18 case
2101 1894 77 27 made
2190 1899 51 22 out
2259 1894 43 27 for
2317 1894 47 27 the
2388 1894 87 35 repeal
2497 1894 31 26 of
2551 1893 47 27 the
2622 1899 110 32 present
2746 1894 94 37 Usury

1933 1933 78 27 Laws
2026 1933 65 26 than
2107 1932 54 27 had
2174 1936 46 31 yet
2233 1931 69 27 been
2324 1929 176 34 established,
2515 1930 33 27 he
2562 1930 123 38 thought
2705 1930 24 28 it
2752 1931 89 28 better

1932 1976 27 21 to
1972 1968 79 30 abide
2068 1968 35 38 by
2115 1968 46 28 the
2176 1974 109 30 present
2297 1967 74 28 laws.

1967 2006 63 28 The
2050 2004 181 30 SPEAKER
2267 2006 65 27 here
2369 2003 158 39 explained,
2552 2003 61 28 that
2649 2003 47 30 the
2731 2004 94 27 amend-

1933 2047 73 24 ment
2042 2042 48 28 did
2130 2047 50 21 not
2215 2042 93 35 apply,
2356 2050 30 19 as
2435 2042 50 27 the
2520 2042 105 26 motion
2665 2041 93 27 before
2796 2041 46 28 the

1933 2080 85 25 house
2039 2086 52 19 was
2109 2086 73 28 upon
2204 2078 47 26 the
2274 2078 91 26 Order
2383 2078 33 26 of
2443 2078 48 26 the
2516 2078 61 34 Day
2603 2079 41 25 for
2662 2079 47 25 the
2743 2078 100 26 second

1933 2113 117 35 reading
2059 2115 32 26 of
2104 2114 45 26 the
2161 2112 69 28 Bill.
2268 2112 79 28 Until
2367 2113 61 27 that
2441 2112 92 28 Order
2546 2112 53 27 had
2619 2114 66 26 been
2712 2112 131 37 disposed

1933 2150 38 33 of,
1985 2158 35 19 no
2034 2151 175 27 amendment
2220 2148 31 28 of
2258 2158 97 20 course
2369 2148 81 28 could
2466 2148 33 30 be
2505 2148 169 30 entertained
2688 2148 157 38 respecting

1933 2187 46 27 the
1996 2186 65 28 Bill.

1198 1620 195 31 IMPERIAL
1413 1617 274 31 PARLIAMENT.

1163 1691 137 30 MOUSE
1316 1691 53 30 OF
1378 1687 308 32 -I.4oltoB.—MoproAl

1020 1727 63 31 The
1096 1730 85 27 boort
1193 1737 43 20 sat
1248 1734 28 22 to
1293 1730 63 25 hear
1368 1726 111 38 appeals
1493 1726 28 26 in
1548 1726 46 27 the
1610 1723 187 35 Queenshury
1806 1731 96 20 causes

986 1766 67 28 from
1076 1770 47 22 t.n
1141 1774 37 26 up
1198 1770 30 24 to
1243 1765 60 26 four
1320 1762 118 28 o'clock.
1476 1761 39 28 At
1534 1759 132 35 half-past
1690 1760 63 27 fear
1766 1759 46 30 the
1824 1757 77 30 Lord

986 1802 170 28 Chancellor
1170 1801 122 28 resumed
1307 1799 45 27 his
1365 1804 56 22 seat
1437 1806 35 19 on
1488 1796 47 27 the
1548 1796 150 27 woolsack.

1192 1845 117 20 DIPUTT
1325 1844 94 20 CLILRIL
1434 1843 37 19 Of
1487 1840 208 25 PARLIAMIINT._

1020 1876 61 28 The
1096 1874 107 28 LORD
1214 1869 265 33 CHANCELLOR
1498 1870 136 28 informed
1645 1869 73 28 their
1734 1869 164 37 Lordships,
1910 1869 1 39 I

987 1913 61 27 that
1068 1913 57 27 Mc.
1135 1912 74 28 Rose
1222 1911 100 27 wished
1342 1915 28 22 to
1385 1915 46 25 get
1446 1907 45 27 his
1509 1916 50 18 son
1578 1906 148 38 appointed
1742 1906 43 27 his
1798 1907 105 34 deputy

989 1959 30 18 as
1039 1949 128 32 Reading
1185 1948 85 28 Clerk
1290 1954 28 20 at
1342 1946 71 26 their
1439 1944 163 35 Lordships
1616 1943 84 27 table.
1740 1943 51 26 His
1817 1942 71 28 Lord-

989 1985 73 38 ship,
1085 1990 31 22 at
1134 1987 48 26 the
1199 1994 77 19 same
1289 1983 76 32 time,
1383 1982 64 27 bore
1461 1980 148 37 testimony
1623 1984 28 22 to
1664 1980 47 27 the
1726 1980 176 27 meritorious

987 2031 118 20 services
1123 2022 33 28 of
1178 2022 53 28 Mr.
1247 2021 93 32 Birch,
1369 2020 63 26 who
1446 2019 54 26 had
1521 2015 168 38 discharged
1710 2016 47 30 the
1770 2015 91 28 duties
1873 2016 32 27 of

989 2061 47 25 the
1049 2059 78 27 office
1142 2059 43 26 for
1198 2053 109 33 several
1313 2065 79 27 years
1407 2061 67 30 past,
1486 2054 54 26 and
1556 2055 63 25 who
1628 2062 56 18 was
1696 2059 28 20 to
1737 2053 80 27 retire
1830 2052 71 28 from

990 2096 22 26 it
1022 2095 222 34 inconsequence
1256 2093 33 26 of
1300 2096 46 22 the
1359 2091 174 33 proposition
1547 2089 31 26 of
1589 2089 56 27 Mr.
1659 2089 84 27 Rose.

1023 2130 64 27 The
1100 2128 65 27 Earl
1186 2130 32 26 of
1233 2126 224 30 LIVERPOOL
1478 2124 151 28 concurred
1648 2125 30 26 in
1698 2125 47 25 the
1766 2122 136 37 proposed

989 2166 201 44 appointment,
1201 2166 54 27 and
1271 2163 174 39 represented
1457 2163 48 27 the
1520 2161 122 27 conduct
1655 2159 33 30 of
1707 2159 56 30 Mr.
1778 2159 84 28 Birch
1873 2169 30 19 as

989 2203 176 35 satisfactory
1183 2202 30 27 in
1226 2210 83 28 every
1323 2204 116 31 respect.
1478 2198 57 30 Not
1547 2198 67 38 only
1628 2199 56 26 had
1707 2197 35 28 he
1754 2196 143 38 acquitted

990 2239 112 28 himself
1119 2239 28 27 in
1161 2239 46 27 the
1221 2243 72 22 most
1315 2236 201 38 praisewotthy
1539 2244 112 18 manner
1669 2239 30 21 at
1722 2233 73 27 their
1818 2232 70 28 Lord-

990 2276 86 38 ships
1088 2275 83 32 tattle,
1193 2275 50 27 but
1257 2274 45 27 his
1315 2274 149 28 assistance
1485 2271 56 27 had
1561 2271 66 27 been
1644 2269 86 30 found
1752 2269 152 37 eminently

991 2310 89 30 useful
1091 2317 28 21 at
1131 2311 190 27 Committees.
1361 2310 43 26 He
1415 2317 63 19 now
1498 2316 56 19 saw
1574 2310 111 33 present
1697 2315 17 18 a
1727 2306 90 27 Noble
1830 2306 73 26 Lord

986 2341 1 45 '
991 2350 90 35 (Lord
1096 2347 139 35 Holland)
1261 2347 61 27 who
1346 2346 81 27 could
1452 2344 64 27 hear
1538 2344 150 34 testimony
1709 2347 30 24 to
1763 2341 58 28 this
1840 2342 64 27 fact.

993 2386 44 28 He
1052 2385 90 30 would
1156 2385 65 26 take
1235 2383 57 27 this
1304 2382 180 38 opportunity
1504 2380 33 28 of
1554 2381 84 35 again
1659 2379 115 35 stating,
1796 2378 64 27 that
1883 2378 24 27 it

994 2432 53 21 was
1062 2421 132 30 intended
1217 2430 67 26 very
1298 2418 107 31 shortly
1426 2425 27 20 to
1467 2417 124 28 institute
1615 2426 18 18 a
1657 2415 111 38 regular
1792 2414 115 37 inquiry

993 2459 60 28 into
1072 2460 46 27 the
1137 2457 78 30 office
1227 2456 31 28 of
1265 2456 84 28 Clerk
1362 2450 34 33 of
1406 2454 180 28 Parliament.

1030 2496 72 30 Lord
1127 2492 190 31 HOLLAND
1337 2491 133 30 admitted
1491 2497 27 21 to
1538 2492 47 26 the
1605 2489 51 28 full
1675 2492 93 24 extent
1786 2489 50 27 the
1854 2496 53 19 ser•

994 2533 71 27 vices
1087 2532 32 27 of
1136 2531 52 27 Mr.
1208 2530 96 31 Birch,
1325 2529 54 27 and
1404 2528 60 27 said
1491 2528 33 26 he
1538 2536 54 18 was
1618 2526 66 35 glad
1698 2532 27 20 to
1741 2526 76 26 learn
1837 2524 71 28 from

994 2569 60 28 that
1069 2567 91 30 Noble
1174 2567 69 28 Earl
1263 2565 60 28 that
1341 2565 48 27 the
1408 2563 90 30 whole
1522 2570 102 30 system
1649 2570 57 19 was
1731 2567 28 21 to
1780 2561 34 28 be
1838 2569 71 28 gone

994 2606 71 28 into.

1031 2641 104 37 Young
1160 2640 56 28 Mr.
1230 2639 74 30 Rose
1328 2639 65 28 then
1414 2636 139 28 advanced
1566 2640 30 25 to
1609 2635 48 28 the
1669 2633 83 34 table,
1773 2633 54 30 and
1843 2633 67 30 took

996 2679 45 28 his
1054 2683 66 27 seat,
1139 2687 31 19 as
1183 2678 109 39 Deputy
1305 2676 96 33 Clerk,
1423 2675 28 28 in
1466 2675 46 28 the
1534 2674 78 38 place
1633 2673 125 28 hitherto
1776 2669 135 39 occupied

996 2717 37 37 by
1046 2717 56 28 Mr.
1116 2715 94 30 Birch.

1970 2223 53 28 Mr.
2050 2222 204 30 UALCRAFT
2272 2223 150 37 suggested
2450 2228 30 24 to
2500 2223 47 27 the
2570 2224 73 30 Hon.
2663 2223 125 28 Member
2817 2228 28 22 to

1935 2265 131 32 postpone
2078 2262 45 26 the
2135 2259 176 28 amendment
2326 2259 71 28 until
2409 2259 47 28 the
2470 2259 93 28 Order
2585 2259 33 28 of
2643 2261 46 27 the
2714 2261 63 35 Day
2793 2268 52 19 was

1935 2297 128 35 disposed
2076 2297 38 27 of.

1970 2333 61 28 The
2042 2331 126 39 question
2178 2341 74 24 npnn
2272 2331 46 30 the
2331 2331 92 28 Order
2433 2331 32 27 of
2489 2331 47 28 the
2549 2331 63 39 Day
2631 2331 44 30 for
2687 2331 46 30 the
2747 2331 98 30 second

1936 2369 155 38 reading„of
2109 2370 47 26 the
2176 2369 93 37 Usury
2282 2370 81 26 Laws
2378 2369 104 37 Repeal
2497 2369 57 27 Bill
2569 2379 53 18 was
2644 2370 65 27 then
2730 2375 51 31 put
2793 2369 52 27 and

1936 2406 116 27 carried.

1972 2443 57 27 Mr.
2040 2443 137 34 Sergeant
2189 2441 165 30 ONSLOW
2365 2441 67 28 then
2443 2440 97 28 moved
2551 2441 60 28 that
2622 2443 45 27 the
2675 2443 57 27 Bill
2743 2443 34 27 be
2787 2450 59 20 now

1938 2480 60 27 read
2014 2489 18 19 a
2043 2480 99 27 second
2156 2479 77 28 time.

1975 2516 56 27 Mr.
2042 2515 240 28 DAVENPORT
2295 2516 65 27 then
2374 2515 98 28 moved
2489 2515 45 27 his
2546 2515 183 28 amendment.

73 2552 56 25 This
137 2550 48 31 day
196 2546 22 26 is
231 2545 144 34 published.
387 2544 27 25 in
424 2544 61 24 Oro.
500 2542 71 31 price
581 2542 39 25 7a.
641 2541 26 24 is
679 2538 106 31 boards,
797 2544 15 18 a
826 2543 56 18 new
896 2535 47 25 Edi-

317 2593 7 11 .
341 2578 65 28 lion,
415 2576 91 32 (being
519 2574 41 25 the
570 2572 85 32 Fifth)
664 2572 32 26 of

133 2620 189 34 ECTURES
333 2630 38 20 on
386 2619 50 31 the
451 2614 222 34 ELE4ENTS
681 2614 38 31 of
728 2609 230 35 ALGEBRA,

76 2665 54 30 .11.1
146 2665 119 30 designed
279 2665 40 24 for
326 2662 43 25 the
380 2659 54 28 Use
446 2660 31 25 of
491 2659 41 26 the
544 2657 123 26 Students
690 2656 32 25 of
743 2656 43 24 the
798 2653 69 26 Esst
891 2652 72 26 India

74 2701 105 30 College,
191 2698 47 25 and
250 2696 59 26 such
320 2696 74 25 other
405 2694 98 31 Young
515 2693 111 25 Persons
635 2698 31 19 as
686 2696 57 26 may
756 2689 33 25 be
800 2687 120 26 desirous
937 2683 32 27 of

73 2733 94 31 waking
180 2730 150 26 themselves
347 2728 156 31 thoroughly
514 2724 156 33 acquainted
677 2724 63 25 with
750 2722 43 25 the
804 2721 71 25 First
887 2719 60 25 Prin-

76 2766 72 33 ciples
158 2765 28 26 of
201 2765 52 24 that
265 2763 117 26 Science.

231 2797 38 31 By
279 2797 43 24 the
331 2796 65 25 Rev.
407 2794 33 24 B.
446 2791 150 31 BRIDGE,
614 2790 69 27 B.D.
700 2789 94 26 F.R.S.

194 2830 96 26 Fellow
306 2829 32 26 of
351 2829 41 25 St.
409 2826 103 26 Peter's
531 2825 117 32 College,
667 2822 167 26 Cambridge.

104 2864 99 25 Printed
215 2865 39 24 for
263 2859 197 37 T.,,Cadell,ile
483 2861 43 24 the
539 2859 97 25 Strand
647 2865 8 22 ;
673 2857 51 25 and
738 2855 41 26 W.
793 2851 170 30 Blackwood,

80 2897 151 31 Edinburgh.

210 2928 37 26 Of
261 2926 154 33 wbom:avay
428 2926 32 25 be
470 2924 61 31 had,
540 2923 35 32 by
578 2922 50 33 the
637 2928 71 19 same
719 2920 110 30 Author,

143 2970 21 26 A
174 2970 202 25 Conesstnious
394 2966 144 27 ?amiss
550 2972 37 19 ow
606 2970 56 19 THE
683 2962 122 26 THEORY
817 2960 50 25 and
879 2960 89 24 Sons-

78 3012 58 17 Tturt
154 3004 30 25 of
206 3004 91 25 Conic
317 3002 52 24 and
390 3000 200 28 RIQUADRATIC
609 2996 176 28 EQUATIONS.
810 2994 52 25 and
880 2994 31 24 of
925 2993 44 24 the

80 3037 131 33 Equations
222 3035 31 26 of
265 3035 45 26 the
325 3033 102 33 Higher
437 3032 183 32 Orders.ktivo.
631 3030 40 26 Os.
684 3030 25 25 in
720 3028 106 25 boards.

106 3081 22 24 2.
138 3080 47 24 Sts
198 3078 144 26 LECTURES
364 3081 34 20 on
418 3076 43 25 the
482 3073 155 27 ELEMENTS
658 3072 31 25 of
704 3071 96 26 PLANE
821 3069 130 26 TRlGONO-

83 3113 161 28 mrrar,Sto.
257 3109 104 27 Second
374 3107 118 31 Edition,
504 3107 70 33 price
586 3105 149 37 4s..sewed.

107 3156 20 24 S.
145 3157 19 22 A
172 3154 142 26 TaItATISIS
325 3158 33 18 on
376 3152 44 24 the
439 3149 194 27 Construction,
656 3146 158 33 Properties,
836 3145 50 25 and
900 3143 52 25 Ana-

76 3185 81 28 logies
165 3187 30 24 of
208 3185 41 24 the
257 3185 102 24 Timm
372 3184 87 24 Comic
480 3183 146 28 Swriorrs,
635 3181 70 32 ;Bro.
726 3180 103 25 Second
848 3176 120 30 Edition,

78 3217 70 32 price
157 3216 39 22 ea.
206 3217 26 21 in
241 3217 102 22 boards.

106 3248 26 25 4.
148 3247 24 25 A
181 3247 133 30 TREATISE
314 3247 17 30 /
331 3247 34 30 AO
373 3244 165 26 MECHANICS
552 3252 9 21 ;
576 3243 119 26 intended
707 3249 30 18 as
746 3249 32 17 an
790 3240 181 26 Introduction

78 3285 24 21 to
115 3281 44 24 the
168 3280 83 31 Study
259 3280 30 24 of
298 3278 106 26 Natural
416 3278 168 32 Philosophy.
604 3278 30 24 In
645 3283 50 18 one
704 3276 72 31 large
788 3274 113 30 volume,
911 3273 60 25 tivo.

80 3315 66 30 prise
162 3312 33 26 U.
206 3313 35 25 Is.
252 3311 26 26 in
289 3309 105 26 boards.

81 3380 59 25 This
152 3379 53 32 day
216 3378 26 25 is
267 3377 146 32 published,
431 3377 27 25 in
481 3379 52 20 two
553 3374 117 25 volumes
691 3376 72 25 Bvo..
785 3373 72 32 price
891 3373 50 24 Ws.
952 3372 27 24 In

244 3411 104 28 boards,
361 3417 14 17 a
387 3417 59 18 new
459 3407 117 30 Edition,
587 3406 79 32 being
677 3407 43 25 the
733 3406 66 30 16th,
809 3405 31 26 of

81 3454 120 44 FIIHE
234 3451 229 33 ELEMENTS
503 3451 35 31 of
570 3446 239 35 CHRISTIAN
844 3445 110 33 THEO-

93 3497 26 27 '
176 3496 100 25 LOGY
291 3503 7 20 ;
320 3495 152 31 containing
487 3494 96 25 Proofs
594 3494 31 24 of
647 3493 43 24 the
703 3490 181 32 Authenticity
894 3490 32 25 of
939 3493 43 21 the

85 3530 61 31 Holy
157 3529 150 31 Scriptures
320 3536 8 6 •
344 3535 17 17 a
380 3529 137 31 Summary
533 3527 31 24 of
583 3527 44 22 the
638 3526 110 30 History
756 3523 31 26 of
806 3526 43 22 the
859 3523 74 25 Jews
943 3529 7 20 ;
967 3529 14 17 a

84 3565 59 22 brier
154 3563 143 22 Statement
306 3546 30 39 Of
345 3561 43 24 the
399 3561 126 24 Contents
536 3559 31 25 of
574 3559 43 24 the
627 3559 99 24 several
741 3556 85 25 Books
837 3556 30 24 of
876 3555 44 24 the
931 3555 52 25 Old

85 3598 43 21 and
141 3595 59 24 New
211 3594 167 24 Testaments
387 3600 8 21 ;
413 3600 15 17 a
442 3594 72 22 short
528 3592 118 24 Account
656 3591 32 24 of
703 3591 41 24 the
756 3588 112 31 English
885 3588 83 24 Trans-

85 3627 87 24 lations
180 3626 30 25 of
229 3626 41 24 the
282 3625 85 28 Bible,
380 3625 48 24 and
442 3625 31 22 of
493 3624 43 25 the
547 3622 109 31 Liturgy
665 3621 30 25 of
705 3624 41 22 the
759 3621 98 25 Church
870 3620 31 24 of
913 3619 52 30 Eng-

86 3661 51 22 land
146 3667 7 19 ;
172 3660 48 22 and
233 3666 14 17 a
261 3657 145 33 Scriptural
413 3657 159 32 Exposition
585 3657 32 22 of
637 3656 44 24 the
690 3654 168 32 Thirty-nine
869 3653 115 25 Articles

86 3694 26 22 of
129 3692 125 31 Religion.
289 3691 131 32 D.signed
428 3689 156 34 principally
598 3689 39 25 for
650 3689 43 24 the
707 3687 53 25 Use
772 3687 30 25 of
811 3686 98 32 Young
922 3686 46 25 Stu-

87 3726 66 24 dents
164 3725 26 24 in
202 3724 125 31 Divinity.

231 3757 39 25 By
280 3751 350 33 GEORGE;TOMLINE,
640 3751 69 25 D.D.
723 3751 96 26 F.R.S.

327 3787 69 24 Lord
409 3787 97 30 Bishop
519 3784 31 25 of
566 3784 176 26 Winchester.

116 3823 39 31 •,*
168 3820 56 26 The
235 3820 56 25 first
423 3820 32 25 of
459 3821 51 22 this
524 3817 92 31 Work,
627 3816 79 33 being
718 3824 32 18 an
764 3815 178 27 Introduction
958 3819 27 22 to

90 3856 37 24 the
133 3857 76 30 Study
219 3855 32 25 of
259 3855 41 24 the
319 3854 87 30 Bible,
433 3853 24 26 is
480 3853 102 33 printed
600 3855 128 30 seprrate,
752 3852 25 25 in
793 3850 83 26 12ino.
902 3850 40 25 Os.
956 3849 26 26 in

96 3891 92 22 hoards.

120 3920 93 25 Printed
233 3920 40 25 for
286 3920 34 26 T.
343 3919 91 26 Cadell

446 3919 12 32 .
458 3919 25 32 in
495 3918 43 26 the
550 3918 94 25 Strand
659 3925 8 22 ;
684 3918 50 25 and
754 3917 45 26 W.
811 3917 171 31 Blackwood,

96 3953 144 32 Edinburgh.

206 3986 37 24 Of
250 3986 80 24 whom
354 3992 59 25 may
437 3985 33 25 be
481 3985 61 27 lied,
560 3985 34 31 by
607 3985 43 24 the
661 3991 72 18 same
745 3983 110 31 Author,

124 4019 15 22 A
152 4019 170 25 Itertrrsrtort
335 4019 31 24 of
374 4018 158 25 CALVINISM
547 4025 8 21 ;
573 4025 57 17 new
643 4017 109 25 Edition
759 4017 94 32 (being
866 4016 41 25 the
917 4013 66 33 7th,)

98 4051 48 24 tiro.
157 4054 63 27 price
233 4051 50 25 12s.
294 4051 26 24 iu
333 4051 106 25 boards.

100 4123 53 24 This
163 4123 44 31 day
219 4123 22 24 is
259 4123 143 31 published,
415 4123 26 25 in
454 4123 43 25 six
514 4123 73 28 large
608 4121 113 25 volumes
733 4121 61 24 Sro.
813 4127 15 17 a
842 4119 65 26 New
918 4119 58 31 Edi.

194 4156 51 24 lion
257 4155 91 32 (heing
359 4157 43 24 the
413 4156 70 30 3rd,)
500 4155 72 31 price
583 4154 34 25 Si.
639 4155 38 22 Ss.
689 4154 25 22 in
728 4153 105 26 hoards.
847 4153 30 24 of

103 4188 109 39 THE
235 4188 25 30 II
272 4188 161 33 ISTORY
444 4189 35 31 of
491 4188 133 34 ROME,
639 4188 43 38 by
696 4186 124 31 TITUS
835 4185 141 31 LIVIUS,

185 4230 148 26 Translated
352 4232 65 26 from
429 4232 53 26 .the
493 4228 135 34 Original,
640 4228 60 25 with
711 4227 83 26 Notes
803 4228 50 25 and
872 4227 104 26 Illlustra.

105 4260 64 26 honk

304 4297 39 32 By
357 4297 152 26 GEORGE
531 4296 137 30 BAKER,
683 4293 34 25 A.
726 4294 40 24 M.

133 4325 89 28 Printed
233 4329 39 25 for
281 4330 33 25 T.
325 4331 102 30 Cadell,
435 4331 28 25 in
485 4332 44 24 the
544 4330 97 25 Strand
652 4337 9 21 ;
676 4329 51 22 and
752 4328 41 25 W.
817 4325 171 30 Blackwood,

107 4355 141 33 Elinburgh.

185 4395 33 22 Of
226 4394 79 26 whom
317 4402 58 25 may
384 4396 34 22 be
441 4395 60 28 had,
513 4393 161 27 Translated
686 4393 35 31 by
732 4391 52 25 Mr.
796 4391 97 28 Raker,

136 4422 123 33 VELLitua
276 4429 125 26 PATINCto
407 4436 60 21 Luc
480 4429 60 26 the.
549 4427 72 32 price
632 4427 28 26 86
660 4427 14 26 -
680 4426 25 25 in
719 4424 105 26 boards.

109 4494 73 26 This
182 4499 45 32 day
247 4508 43 19 are
314 4502 145 32 published,
485 4502 72 32 pries
589 4502 52 25 las.
669 4501 28 24 in
725 4500 106 27 boards,
860 4499 132 33 elegantly

136 4534 86 24 printed
237 4534 24 22 in
278 4543 14 18 a
309 4538 91 28 pocket
417 4535 115 27 volume,
549 4534 168 26 ornamented
746 4532 61 25 with
826 4532 86 25 Wood
915 4537 77 24 -ruts,

111 4560 51 44 13
163 4564 24 28 0
190 4564 21 30 E
215 4566 144 41 MS.—By
374 4567 171 33 SAMUEL
559 4565 181 33 ROGERS.
762 4565 83 40 Eq.,
860 4566 117 30 contain-

191 4605 40 32 ing
325 4612 137 25 Pleasures
472 4611 33 25 of
515 4610 118 30 Memory
683 4607 183 31 Twenty-first
878 4606 116 26 Edition.

141 4635 89 30 Human
244 4641 52 26 Life
353 4645 50 25 and
420 4645 43 24 the
520 4643 112 32 Voyage
647 4642 32 25 of
888 4641 60 24 with
961 4641 32 24 its

111 4663 45 26 last
163 4668 128 32 Additions.

144 4697 89 31 Printed
244 4707 33 24 fur
288 4708 28 26 T.
328 4709 103 31 Cadell,
448 4709 39 26 in-
497 4709 44 25 the
557 4707 113 30 Strand;
686 4707 48 25 and
761 4706 45 25 W.
824 4704 167 32 Blackwood,

112 4728 144 37 Edinburgh.

110 4804 57 27 This
177 4808 46 34 day
234 4819 38 19 are
283 4818 142 30 published.
437 4818 27 26 in
482 4818 30 25 18
521 4815 128 30 volumes,
661 4814 63 26 with
737 4821 14 18 a
764 4814 116 25 Portrait
901 4814 31 25 of
952 4814 43 25 tha

136 4840 96 33 Author,
246 4848 64 30 price
319 4851 81 26 61.05.
413 4852 27 25 in
449 4848 109 32 boaras,
566 4857 15 17 a
592 4856 57 19 new
661 4847 111 26 Edition
784 4847 63 26 with
857 4847 123 26 consider-

136 4873 52 25 able
200 4878 135 33 Additions,
345 4885 32 25 of

111 4905 110 45 THE
253 4912 150 34 WORKS
435 4915 161 41 Complete
617 4912 35 32 of
681 4912 74 32 Mrs.
794 4912 196 31 HANNAH

123 4946 73 31 a
196 4950 94 28 MORE
302 4963 7 22 ;
326 4957 154 32 containing
491 4957 47 24 her
557 4956 104 27 Poems,
673 4951 100 26 Sacred
788 4952 120 30 Dramas,
924 4952 53 25 Tra-

113 4980 78 32 gedies,
202 4983 133 31 Strictures
344 4997 33 18 on
389 4990 45 25 the
446 4989 110 25 Modern
565 4988 104 33 System
677 4989 27 21 of
717 4984 106 26 Female
836 4985 158 30 Education,

113 5009 65 28 Tales
187 5019 43 24 end
239 5020 110 35 Essays,
358 5022 139 33 Thoughts
509 5029 34 18 on
554 5022 43 25 the
609 5020 125 26 Manners
746 5020 31 26 of
785 5019 41 25 the
837 5020 93 30 Great,
944 5020 51 26 and

115 5047 27 46 :a
152 5043 105 34 Estimate
266 5055 31 24 of
304 5056 45 24 the
359 5056 122 32 Religion
493 5055 31 26 of
543 5055 44 25 the
601 5053 177 26 Fashioziable
789 5052 104 28 World.
917 5052 79 26 Hints

126 5081 76 25 °earls
211 5085 105 28 forming
327 5088 43 25 the
378 5088 141 25 Character
529 5088 32 24 of
583 5093 18 18 a
612 5086 100 28 Young
720 5085 116 27 Princes.
846 5086 107 26 Callen
970 5086 26 24 In

117 5105 71 31 Scorch
198 5117 27 24 of
239 5125 14 17 a
265 5119 80 28 Wife.
357 5120 138 26 Practical'
507 5120 86 32 Piety,
614 5118 132 25 Christian
768 5117 111 31 Morals,
905 5117 89 32 Essay

115 5144 26 18 On
149 5143 32 39 the
190 5147 131 28 Character
330 5153 30 24 of
365 5153 39 26 St.
423 5153 76 27 Paul.

139 5173 86 32 Printed
242 5184 39 24 for
298 5185 34 25 T.
343 5185 91 27 Cadell
454 5186 27 24 in
491 5186 45 24 the
546 5183 98 26 Strand
656 5191 8 21 ;
681 5181 52 25 and
751 5180 45 25 W.
817 5180 172 32 Blackwood,

141 5211 111 33 aribulrgh.

139 5238 11 31 *
150 5238 11 31 e
161 5238 12 31 s
188 5244 50 33 Any
250 5248 61 26 Part
331 5249 31 26 of
381 5249 43 26 the

116 5274 131 35 sepdrately.

124 5306 48 4 ---
242 5300 5 9 •

702 5245 97 26 Works
810 5251 59 26 may
891 5245 35 26 be
946 5245 51 26 had

292 5344 107 25 NEXT
411 5342 215 31 THURSDAY,
641 5342 57 26 19th
713 5342 80 26 FER.

117 5362 111 61 Jand
249 5375 27 26 J.
300 5375 249 30 SIYRWRIGHT,
575 5376 170 25 Contractors
767 5375 41 25 for
830 5374 44 25 the
888 5378 106 28 present

118 5432 52 26 Bind
180 5413 131 53 thpatopwhen
322 5443 45 25 the
379 5443 56 25 Min
436 5417 11 50 i
263 5445 208 21 ster
472 5408 70 58 brlar
340 5409 119 30 Lotter,
496 5415 47 58 req
543 5415 81 58 oostt
544 5441 105 27 1n
620 5412 52 54 theuest
673 5408 40 26 their
715 5408 131 64 FrLottery
847 5412 17 20 to
906 5414 45 18 ear
961 5408 26 24 in

865 5408 66 60 Bbl,
943 5439 54 26 last

117 5460 11 39 B
128 5460 74 39 Prinit,
211 5473 30 24 he
252 5474 132 31 distinctly
406 5474 30 25 de
436 5474 14 25 c
450 5474 76 25 lared
547 5474 180 25 Government
735 5473 45 25 did
798 5476 46 22 not
867 5473 89 25 intend
969 5477 27 20 to

116 5492 48 28 e=rr

174 5505 110 31 another,
292 5509 129 28 therefore
433 5507 93 31 people
537 5506 92 26 should
640 5509 122 24 embrace
770 5506 46 25 the
827 5505 169 32 opportunity

124 5538 6 8 .
148 5532 13 25 d
161 5532 14 25 e
190 5535 18 24 it
219 5538 90 28 exists,
321 5539 40 25 for
369 5539 80 25 Nair
459 5538 161 26 THURSDAY
633 5538 22 26 is
667 5541 43 24 the
725 5538 71 26 First
808 5538 84 32 Day's
904 5538 74 25 Draw-

116 5564 18 39 l::
141 5571 6 15 z
194 5569 40 25 the
244 5571 50 25 last
304 5572 107 31 Lottery
423 5574 89 22 under
517 5571 41 25 the
570 5571 124 32 previous
705 5580 32 18 or
746 5571 64 25 Last
819 5570 97 26 Year's
928 5570 50 25 Act
987 5577 7 17 :

158 5600 50 24 Scat
216 5609 38 19 me
265 5604 119 25 contains
396 5604 44 25 the
450 5603 124 26 immense
586 5604 107 25 number
704 5604 32 25 of

387 5636 124 26 SEVEN
527 5636 32 26 of
570 5635 137 31 280,0001

120 5663 41 31 And
172 5673 66 28 there
249 5676 77 33 being
335 5679 120 26 between
467 5679 17 25 7
494 5679 51 24 and
555 5679 78 30 8,000
641 5680 109 25 Tickets
767 5682 30 21 to
806 5679 33 25 be
857 5678 90 26 drawn
958 5676 44 25 the

122 5695 51 32 First
184 5707 66 33 Day,
261 5712 48 22 and
321 5719 79 24 every
412 5712 86 25 Blank
515 5714 30 20 to
556 5712 33 22 be
601 5714 46 28 put
658 5712 26 24 in
696 5714 43 22 the
748 5711 94 25 Wheel
853 5711 50 25 and
913 5712 89 22 drawn

198 5744 183 33 eoramgeeetly
391 5745 76 24 there
475 5744 19 24 is
494 5744 11 24 ,
510 5743 44 24 the
565 5743 104 25 Chance
683 5745 41 25 for
733 5745 110 30 nothing
855 5745 30 22 of
899 5743 35 24 all
958 5741 45 25 the

115 5760 107 41 Floating
234 5773 115 32 Capitals
365 5783 35 18 on
423 5774 57 25 that
502 5774 69 32 Day.
598 5776 103 26 besides
729 5778 44 24 the
791 5777 70 24 Two
882 5774 118 28 20.0001.

118 5794 100 40 ~telling
229 5807 116 26 attached
358 5812 31 21 to
405 5809 45 25 the
461 5806 71 27 First
550 5807 89 25 drawn
663 5809 91 27 Prizes
765 5817 7 17 :
790 5811 73 22 these
885 5807 67 30 will,
973 5806 32 26 of

120 5832 85 33 course,
219 5838 31 25 be
259 5839 106 27 derided
374 5843 27 24 in
416 5842 44 25 the
480 5839 71 26 First
569 5839 65 26 Five
651 5842 124 30 Minutes,
797 5843 48 24 and
869 5843 43 24 the
934 5841 53 25 Con-

120 5861 94 32 tractors
224 5872 72 27 trust,
309 5875 63 24 with,
384 5875 67 24 their
459 5871 74 26 usual
542 5874 69 30 good
622 5874 110 30 fortune,
744 5878 28 21 to
783 5874 139 25 distribute
932 5875 73 22 these

125 5896 13 33 n
138 5896 65 33 osong
213 5903 64 25 their
286 5904 47 26 Fri
333 5904 15 26 e
348 5904 50 26 nd*
406 5910 26 19 it
443 5904 69 27 their
521 5904 105 32 Omces,
635 5906 51 26 N.
698 5909 40 31 37,
746 5907 128 31 Corobill,
887 5907 39 31 11,
938 5906 51 25 Rol-

122 5919 61 40 bwr
191 5935 46 26 cod
248 5936 39 32 Mi,
298 5936 169 33 Haymarket.

1354 2758 76 19 COAL
1443 2756 113 21 DUTIES.

1032 2789 61 30 The
1108 2789 106 39 Bishop
1225 2787 32 28 of
1276 2786 51 30 EX
1333 2780 175 41 Eifiltpreae
1508 2780 17 41 -
1527 2784 64 28 atril
1602 2793 18 20 a
1636 2783 117 40 petition
1768 2783 72 30 from
1864 2781 47 28 the

997 2828 171 27 inhabitants
1192 2826 32 27 of
1247 2825 46 28 the
1313 2824 92 37 parish
1419 2824 28 27 of
1470 2822 163 38 01.1sbnrgh
1654 2820 113 34 against
1779 2820 48 28 the
1839 2819 70 38 duty

997 2872 38 20 on
1054 2863 70 30 Coal
1140 2863 105 28 carried
1259 2859 266 35 coastways.—Lail
1541 2868 34 18 on
1600 2859 47 26 the
1659 2858 83 28 table.

1300 2906 115 19 ORDIRS
1430 2904 33 19 IN
1478 2903 133 20 COUNCIL.

1035 2936 25 27 A
1072 2943 98 28 person
1183 2934 71 28 from
1274 2934 46 26 the
1345 2931 119 28 Council
1478 2931 89 27 Office
1586 2930 142 34 presented
1744 2930 46 27 the
1804 2928 110 30 Orders

1000 2974 27 27 in
1043 2972 115 30 Council
1173 2970 43 28 for
1233 2970 161 34 exempting
1414 2968 102 28 vessels
1537 2967 156 35 belonging
1706 2973 30 22 to
1748 2966 123 38 subjects
1883 2966 32 28 of

1000 3012 46 25 the
1059 3009 150 33 kingdoms
1220 3008 33 26 of
1264 3007 129 27 Hanover
1403 3005 54 28 and
1470 3005 47 26 the
1530 3004 190 27 Netherlands
1730 3004 70 27 from
1812 3004 102 33 taking

1000 3046 83 39 pilots
1107 3054 35 18 on
1169 3044 84 27 hoard
1276 3044 30 27 in
1328 3043 104 27 certain
1457 3050 86 22 cages.
1570 3040 56 28 and
1646 3040 43 28 for
1713 3040 100 37 laying.
1830 3048 69 20 coun-

999 3083 150 35 tervailing
1161 3081 91 28 duties
1274 3089 35 20 on
1329 3079 104 30 certain
1456 3078 149 30 American
1631 3078 223 30 vessels.—Laid
1878 3086 37 19 on

1000 3120 48 28 the
1059 3119 83 30 table.

1305 3162 96 19 STATE
1415 3161 37 19 Of
1465 3159 144 20 IRELAND.

1035 3193 61 26 The
1115 3191 144 41 Martress
1273 3182 458 40 ofllllllSDl4K:inmoving
1744 3185 45 27 for
1805 3184 115 28 various
1922 3182 1 51 I

1002 3236 98 28 papers
1114 3227 123 33 relating
1250 3231 28 20 to
1292 3224 123 32 Ireland,
1428 3224 59 27 said
1500 3224 22 27 it
1535 3233 57 19 was
1606 3230 184 27 unnecessary
1807 3222 41 27 for
1859 3221 58 27 him

1003 3269 28 21 to
1045 3262 188 37 particularise
1252 3263 87 28 thew,
1356 3269 31 18 as
1398 3263 66 33 they
1478 3260 53 27 had
1543 3259 113 35 already
1671 3259 67 27 been
1759 3257 98 27 moved
1876 3257 45 26 for

1005 3300 30 26 in
1054 3299 48 27 the
1115 3299 80 26 other
1217 3298 92 26 House
1322 3296 32 26 of
1365 3296 177 27 Parliament.
1583 3295 27 27 It
1622 3304 65 24 was,
1710 3296 141 30 'rowever,
1873 3302 32 19 ne-

1007 3344 110 26 cessary
1143 3335 60 26 that
1226 3333 66 35 they
1315 3332 100 28 should
1436 3332 32 28 be
1489 3332 56 27 laid
1572 3331 96 28 before
1681 3331 72 28 their
1768 3330 152 37 Lordships

1009 3370 157 38 previously
1181 3376 28 20 to
1222 3369 46 27 the
1281 3369 190 27 introduction
1486 3369 31 26 of
1528 3369 47 26 the
1589 3369 102 26 motion
1703 3369 158 33 respecting
1876 3369 45 26 the

1010 3412 70 21 state
1103 3405 31 27 of
1152 3405 119 32 Ireland,
1289 3405 32 27 of
1336 3405 91 27 which
1452 3415 17 18 a
1491 3404 93 28 Noble
1615 3403 64 30 Earl
1710 3404 63 37 (the
1800 3403 66 28 Earl
1892 3405 31 26 of

1015 3442 137 38 Darnley)
1165 3443 53 27 had
1233 3442 80 37 given
1328 3442 91 28 notice
1436 3450 35 18 on
1492 3451 15 17 a
1521 3442 100 28 former
1633 3442 129 37 evening.
1799 3441 63 27 The
1876 3450 31 28 pa-

1015 3490 59 26 pers
1085 3481 89 27 which
1192 3482 31 25 he
1237 3480 98 27 should
1351 3489 61 17 now
1428 3489 76 18 wove
1520 3484 41 22 tor
1576 3480 102 27 related
1693 3487 27 20 to
1733 3480 112 27 Church
1860 3488 47 28 pro-

1013 3522 78 31 perty
1111 3519 28 26 in
1165 3516 117 33 Ireland,
1300 3517 53 27 and
1377 3519 48 26 the
1444 3517 142 35 operation
1607 3516 33 28 of
1662 3520 50 25 the
1731 3516 190 28 Insurrection

1013 3553 230 26 Aet.—Ordereil.

1049 3588 87 27 Their
1149 3588 150 37 Lordships
1315 3588 66 27 then
1395 3588 162 35 adjonrned.

1173 3657 130 30 HOUSE
1319 3659 52 27 OF
1389 3659 374 27 UOMMONS—Morroar.

1052 3693 61 28 The
1127 3692 177 30 SPEAKER
1319 3697 63 25 took
1397 3697 47 26 the
1457 3696 87 27 Ch*ir
1557 3703 27 21 at
1597 3696 74 28 Pour
1770 3696 28 27 k.

1054 3731 61 27 The
1128 3732 324 26 Arromsar-liaNanat.
1465 3732 70 26 took
1557 3733 48 26 the
1628 3732 81 27 oaths
1730 3732 53 26 and
1807 3731 44 27 his
1869 3733 58 24 seat

1026 3765 32 27 for
1069 3765 170 27 Ashburton.

1263 3810 221 20 COMMUTATION
1501 3810 34 19 011
1548 3810 117 21 TITO'S.

1051 3839 54 28 Mr.
1133 3839 268 31 BLACKBUKNE
1428 3842 139 34 presented
1597 3850 17 18 a
1641 3840 117 37 petition
1783 3839 69 28 from
1879 3837 47 28 the

1016 3875 87 28 Town
1117 3881 53 24 and
1187 3878 239 31 Neighbourhood
1441 3878 31 26 of
1495 3876 154 32 Lancaster,
1669 3879 120 35 praying
1813 3886 17 18 a
1848 3878 60 26 Com-

1016 3914 139 27 mutation
1168 3914 32 27 of
1214 3914 213 28 Tithrs.—laid
1440 3922 35 18 cm
1488 3915 46 25 the
1548 3915 84 26 table.

1372 3959 72 18 CoAL
1457 3959 118 18 DUTIES.

1052 3986 46 27 Sir
1113 3987 172 28 WILLIAM
1300 3986 137 28 LESION
1450 3986 143 37 presented
1607 3996 14 18 a
1642 3986 116 37 petition
1783 3986 71 27 from
1883 3986 48 26 the

1018 4024 91 34 parish
1121 4025 32 26 of
1170 4025 133 37 liyeport,
1317 4025 30 26 in
1361 4023 149 33 Cornwall.
1524 4024 110 34 against
1646 4026 46 25 the
1713 4024 70 35 duty
1799 4032 37 18 on
1850 4023 81 27 Coals

1017 4059 103 27 carried
1134 4061 154 26 coastwise.

1054 4095 67 27 .'.Jr..
1121 4095 182 28 STANLEY
1318 4095 143 38 presented
1474 4104 17 18 a
1504 4094 104 30 similar
1620 4095 116 38 petition
1749 4095 70 27 from
1835 4093 81 30 Laver-

1018 4137 87 27 stone,
1119 4133 28 27 in
1161 4133 176 28 Lancashire.

1054 4168 45 27 Sir
1119 4168 280 28 CHRISTOPHER
1410 4167 188 30 HAWKINS
1623 4168 143 38 presented
1793 4176 17 19 a
1828 4168 105 27 similar

1017 4213 52 19 one
1083 4205 67 28 from
1163 4207 43 26 Sr.
1221 4206 67 27 Ives.

1055 4241 46 28 Sir
1131 4241 74 30 Wlll.
1225 4241 119 31 GUISE,
1372 4243 144 38 presentee!
1544 4251 17 19 a
1584 4241 106 30 similer
1714 4250 53 21 one
1791 4241 70 28 from
1889 4240 38 27 the

1020 4279 100 28 Severn
1134 4279 86 30 Canal
1233 4279 257 38 Urnipany.—laid
1512 4289 37 18 on
1569 4281 46 26 the
1628 4279 83 30 table.

1372 4325 56 18 WOo
1433 4325 17 18 L
1467 4323 116 20 UUTIes.

1055 4351 47 26 Sir
1116 4351 74 28 WM.
1204 4351 119 30 GUISE
1344 4352 148 35 presented
1506 4363 15 15 a
1535 4352 117 33 petition
1665 4351 79 33 :from
1770 4351 46 26 the
1844 4349 66 25 Wool-

1020 4387 105 28 dealers
1139 4389 32 25 of
1181 4389 163 27 tiloucester
1357 4389 44 27 for
1414 4397 18 19 a
1448 4390 90 34 repeal
1552 4388 32 27 of
1604 4389 47 25 the
1672 4389 69 34 duty
1754 4395 37 18 ou

1026 4423 64 28 Laid
1109 4433 35 18 on
1159 4423 45 28 the
1217 4424 84 27 table.

1058 4461 53 28 Mr.
1131 4461 278 28 DOWDESWELL
1435 4460 96 28 moved
1554 4461 41 27 for
1620 4459 111 28 further
1755 4457 123 28 Returns
1899 4466 17 18 re
1916 4466 9 18 ,

1022 4498 128 37 specting
1161 4499 48 26 the
1221 4500 86 26 Court
1325 4500 32 25 of
1368 4496 327 35 Chancery.—Ordered.

1378 4540 72 20 COAL.
1463 4540 70 20 DM
1539 4540 43 19 ZS.

1059 4570 45 27 Sir
1127 4569 96 30 EDW.
1238 4567 272 31 KNATCHBULL
1530 4566 142 39 prrsented
1693 4574 15 19 a
1727 4565 117 37 petition
1869 4566 69 26 from

1026 4605 46 27 the
1085 4606 181 37 Corporation
1276 4606 31 27 of
1324 4605 69 28 Deal
1402 4605 112 37 against
1528 4605 45 27 the
1585 4604 90 27 duties
1687 4611 38 19 on
1737 4603 84 27 Coals
1830 4603 107 28 carried

1028 4644 149 25 coastwise.

1059 4680 46 26 Sir
1116 4678 112 27 THOS.
1241 4677 190 28 ACKLAND
1442 4676 145 35 presented
1598 4675 107 28 similar
1719 4674 132 37 petitions
1870 4675 67 28 from

1028 4715 170 31 Ilfracombe,
1213 4714 188 31 Holdsworth,
1417 4714 54 26 and
1496 4716 78 25 three
1594 4711 80 27 other
1698 4711 124 37 parishes
1838 4713 28 26 in
1887 4710 34 28 De-

1029 4750 137 25 vonshire.
1768 4750 4 25 .
1800 4750 4 25 .

1061 4786 81 32 Capt.
1152 4782 187 30 BASTARD
1351 4794 15 18 a
1378 4782 105 30 similar
1493 4782 117 39 petition
1624 4782 71 27 from
1708 4781 50 28 the
1767 4781 172 27 inhabitants

1025 4821 32 27 of
1067 4821 48 27 Tei
1121 4820 146 38 gnaws&

1061 4859 61 27 Col.
1143 4857 125 33 WOOD,
1280 4866 14 18 a
1307 4857 105 30 similar
1424 4857 117 37 petition
1556 4854 67 30 from
1645 4853 118 30 Staines.

1061 4894 47 27 Sir
1131 4893 115 28 'THOS.
1271 4892 262 32 LETHBRIDGE,
1560 4902 15 18 a
1596 4892 107 26 similar
1727 4890 117 37 petition
1866 4890 72 28 from

1029 4930 159 27 Minehead,
1201 4930 28 26 in
1248 4929 224 28 Somersetshire.
1668 4956 7 1 _
1691 4956 7 1 _
1750 4956 7 1 _

1064 4965 53 27 Mr.
1131 4964 144 33 HURST,
1292 4975 17 19 a
1320 4965 106 27 similar
1444 4964 118 35 petition
1578 4962 99 35 signed
1691 4962 38 37 by
1737 4962 51 28 the
1799 4959 141 38 Nobility.

1030 5002 183 37 Baronetage,
1226 5002 53 28 and
1294 5002 193 37 Commonalty
1499 5000 31 30 of
1544 4998 146 30 Horsham.

1063 5039 56 28 Mr.
1131 5039 204 33 MRTMAN,
1349 5049 17 17 a
1380 5039 105 28 similar
1499 5036 119 38 petition
1631 5039 71 26 from
1717 5033 141 30 Portland.

1062 5075 50 27 All
1124 5075 116 27 ordered
1253 5082 28 19 to
1290 5075 35 27 lie
1339 5083 73 26 upon
1429 5075 47 27 the
1491 5073 84 28 table.

1064 5111 54 28 Mr.
1144 5111 151 27 Alderman
1322 5111 118 27 WOOD
1463 5108 99 27 moved
1590 5108 44 27 for
1657 5115 15 19 a
1698 5107 106 27 Return
1835 5105 32 27 of
1893 5104 46 28 the

1028 5146 125 27 Number
1170 5146 33 27 of
1218 5147 116 27 Gallons
1346 5146 32 27 of
1388 5145 102 37 Spirit.
1502 5143 136 35 imported
1658 5143 70 28 from
1752 5141 132 27 Scotland
1898 5140 41 26 for

1030 5184 46 25 the
1094 5183 52 26 last
1159 5191 85 27 year;
1253 5181 53 28 and
1320 5183 47 26 the
1381 5181 129 35 quantity
1531 5179 32 27 of
1581 5179 110 33 Strong
1708 5179 69 26 Beer
1789 5177 150 28 consumed

1028 5218 31 27 in
1072 5218 141 30 Scotland,
1232 5218 103 33 during
1349 5218 46 26 the
1411 5225 76 18 same
1500 5213 280 38 period.—Ordered.

1067 5254 52 28 Mr.
1133 5251 189 30 MABERLY
1337 5259 72 27 gave
1424 5252 93 27 notice
1540 5251 61 27 that
1625 5256 157 21 to-morrow
1796 5249 33 28 be
1851 5245 89 30 would

1029 5298 78 19 move
1121 5290 43 27 for
1176 5298 98 27 papers
1298 5288 123 34 relating
1435 5294 27 22 to
1475 5289 70 27 Beer
1556 5287 53 28 and
1619 5287 79 28 Malt.

1064 5327 47 27 Sir
1139 5324 118 28 ELIAS
1284 5323 161 28 HARVEY
1469 5323 144 38 presented
1635 5329 54 21 two
1711 5322 130 37 petitions
1869 5320 71 27 from

1031 5362 132 27 Bamford
1176 5361 54 27 and
1247 5360 146 33 Rainbow,
1411 5369 38 19 on
1461 5363 48 26 the
1522 5360 111 37 subject
1645 5360 30 26 of
1685 5360 47 27 the
1747 5357 70 30 Coal
1833 5355 106 28 Duties.

1029 5398 106 27 —Laid
1144 5406 37 19 on
1189 5396 46 28 the
1250 5396 84 28 table.

1324 5440 67 20 COIN
1403 5441 35 19 OF
1452 5440 60 20 TIM
1526 5439 113 21 REALM.

1067 5469 53 30 Mr.
1135 5467 30 30 F.
1180 5467 120 30 LEWIS
1315 5461 317 37 Wlsljecitc;statetiTet
1654 5467 48 27 the
1720 5466 103 28 Master
1838 5465 31 27 of
1890 5464 50 28 the

1031 5505 71 28 Mint
1113 5513 56 19 was
1178 5505 98 26 unable
1289 5510 30 21 to
1329 5506 94 26 attend
1436 5506 106 34 to-day,
1561 5505 54 27 and
1626 5504 35 27 he
1676 5504 137 27 therefore
1834 5500 104 28 wished

1030 5544 47 26 the
1093 5541 71 28 Hon.
1180 5541 118 26 Baronet
1307 5542 128 34 opposite
1449 5546 27 22 to
1491 5546 50 30 put
1552 5539 40 27 off
1604 5538 44 28 his
1663 5538 105 28 motion
1782 5538 112 27 relative
1911 5539 30 24 to

1030 5578 50 26 the
1093 5577 81 27 Coin,
1188 5575 90 27 which
1298 5577 77 26 stood
1388 5577 44 26 for
1443 5577 54 27 this
1512 5577 64 35 day.

1065 5614 46 27 Sir
1121 5611 31 28 J.
1165 5610 263 30 WROTI'ESLEY
1441 5614 57 26 said
1515 5615 33 25 he
1561 5610 54 31 had
1626 5620 35 19 no
1674 5610 141 37 abjection
1826 5615 30 22 to
1866 5611 76 34 posts

1031 5659 71 30 pone
1111 5649 24 27 it
1144 5653 30 24 to
1183 5646 170 39 Wednesday
1362 5648 30 37 se
1391 5648 14 37 i
1406 5648 107 37 nnight.

1067 5686 60 27 The
1139 5683 93 28 Order
1240 5682 96 26 of-the
1356 5685 59 34 Day
1434 5686 44 26 for
1496 5686 48 27 the
1565 5685 102 28 second
1693 5683 120 37 reading
1841 5682 32 28 of
1893 5681 47 28 the

1032 5721 96 35 Usury
1140 5720 80 27 Laws
1233 5718 100 33 Repeal
1356 5720 54 26 Bill
1423 5720 84 35 being
1521 5721 73 32 read,

1067 5757 56 27 Mr.
1152 5753 240 28 DAVENPORT
1411 5764 59 18 rose
1491 5761 30 21 to
1539 5765 77 19 move
1646 5756 63 28 that
1731 5756 22 27 it
1791 5754 33 27 be
1844 5751 64 31 read
1926 5760 17 19 a

1031 5791 102 30 second
1144 5791 66 27 time
1222 5789 59 27 this
1292 5787 53 38 day
1358 5790 43 27 six
1417 5792 118 28 months,
1573 5792 61 26 The
1644 5796 119 31 country
1776 5791 53 27 had
1843 5796 99 31 grown

1033 5832 79 32 great
1124 5826 54 28 and
1193 5824 152 28 fourished
1356 5825 89 28 under
1456 5828 47 27 the
1518 5832 109 31 present
1639 5832 111 32 spun),
1765 5828 56 27 and
1835 5828 33 26 he
1887 5832 56 20 saw

1035 5875 35 18 no
1083 5871 96 20 reason
1191 5862 65 35 why
1266 5861 61 27 that
1338 5867 102 30 system
1454 5863 100 27 should
1566 5864 34 26 be
1613 5863 142 34 change/.
1791 5863 71 27 This
1872 5869 73 21 mea.

1035 5909 65 19 sure
1113 5908 56 20 was
1180 5902 132 30 contrary
1328 5902 28 21 to
1370 5897 46 26 the
1431 5898 89 26 whole
1543 5898 93 37 policy
1654 5900 32 25 of
1709 5900 47 25 the
1778 5897 52 28 law
1848 5898 34 26 of
1898 5897 32 32 th
1930 5897 17 32 e

1035 5935 76 30 land.
1148 5934 43 28 He
1204 5931 81 30 could
1294 5936 46 22 not
1354 5930 65 30 look
1436 5941 73 28 upon
1524 5942 54 27 any
1590 5942 131 25 measure,
1734 5934 47 27 the
1807 5935 93 34 object
1911 5942 35 34 of

1974 2552 61 27 The
2044 2554 113 35 Gallery
2171 2561 57 19 was
2242 2554 65 26 then
2320 2552 116 27 ordered
2458 2557 28 22 to
2507 2552 33 27 be
2555 2551 109 28 cleared
2685 2552 45 27 for
2743 2559 17 19 a
2781 2551 57 28 divi-

1943 2588 73 33 sion,
2023 2589 51 27 but
2086 2587 93 31 before
2193 2589 61 27 that
2267 2589 65 27 took
2347 2588 89 37 place,

1976 2626 56 27 Mr.
2050 2626 116 27 HUME
2176 2626 59 27 said
2250 2626 33 27 he
2293 2626 80 27 could
2388 2631 47 22 not
2448 2626 40 27 let
2502 2624 57 28 this
2580 2624 104 28 motion
2696 2633 65 28 pass
2772 2624 65 27 with-

1941 2668 51 22 out
2009 2672 76 19 some
2108 2662 200 28 observations.
2362 2662 44 28 He
2430 2672 57 19 was
2505 2661 93 30 bound
2626 2668 27 21 to
2678 2670 104 28 expose
2804 2662 50 28 the

1943 2701 178 35 wronrview
2133 2700 91 28 which
2236 2700 47 28 the
2296 2699 74 30 Hon.
2386 2700 99 30 Mover
2498 2699 32 28 of
2551 2704 47 24 the
2610 2700 175 28 amendment
2797 2699 53 27 bad

1943 2738 84 26 taken
2039 2737 32 27 of
2080 2737 58 27 this
2150 2737 137 37 question.
2323 2737 70 30 Two
2412 2737 71 28 facts
2496 2735 54 28 had
2568 2735 67 28 been
2648 2737 89 27 stated
2761 2735 91 27 which

1944 2774 34 27 he
1993 2773 105 28 wished
2111 2780 28 21 to
2150 2776 71 26 have
2232 2773 152 35 explained.
2422 2774 26 28 It
2465 2781 56 20 was
2532 2773 89 28 stated
2637 2774 60 27 that
2713 2772 56 28 this
2783 2781 54 19 mea-

1943 2819 63 20 sure
2017 2819 53 19 was
2082 2815 130 32 contrary
2220 2815 30 24 to
2261 2811 48 27 the
2328 2810 51 30 law
2391 2810 32 30 of
2435 2811 46 30 the
2494 2810 78 30 land.
2609 2809 70 30 Now
2699 2809 25 28 if
2737 2810 34 26 he
2783 2809 71 34 (Mr.

1946 2848 48 37 H.)
2009 2846 80 30 knew
2109 2856 56 27 any
2176 2846 81 37 thing
2269 2852 30 22 at
2319 2848 38 27 all
2370 2848 32 27 of
2418 2848 48 27 the
2479 2846 151 38 principles
2644 2846 91 27 which
2750 2846 104 27 formed

1944 2885 46 26 the
2003 2884 71 27 basis
2096 2883 33 27 of
2150 2884 50 27 the
2213 2884 174 27 commercial
2406 2884 53 27 law
2479 2884 30 27 of
2528 2884 56 27 this
2608 2889 128 30 country,
2756 2883 22 26 it
2802 2891 53 19 was
2859 2883 1 35 ,

1944 2920 61 27 that
2015 2921 48 26 the
2083 2923 124 31 greatest
2228 2919 104 35 liberty
2356 2920 32 26 of
2414 2920 171 37 bargaining
2610 2927 54 19 was
2692 2919 116 27 allowed
2828 2923 27 22 to
2859 2919 1 38 I

1938 2954 1 40 I
1944 2965 81 30 every
2039 2955 422 37 individual.—(Hear.)—And
2481 2956 47 27 the
2542 2960 123 32 greatest
2686 2954 170 35 advantages

1946 2993 92 28 which
2053 2993 57 27 this
2120 2996 118 33 country
2250 3002 65 18 ever
2327 2993 109 28 derived
2451 2993 90 27 under
2546 2991 4 39 ,
2555 3001 57 27 any
2623 2991 233 28 Administration

1946 3030 41 28 for
2001 3030 47 30 the
2065 3030 52 27 last
2131 3030 89 35 thirty
2232 3038 90 28 years,
2333 3037 71 19 were
2417 3030 80 27 those
2510 3030 90 26 which
2615 3030 48 27 the
2676 3027 180 38 enlightened

1946 3067 92 45 policy
2047 3067 33 27 of
2096 3066 48 28 the
2159 3071 111 33 present
2291 3066 142 28 Ministers
2447 3076 54 19 was
2520 3065 84 30 about
2617 3071 27 24 to
2668 3065 96 28 confer
2785 3073 72 28 upon

1946 3111 34 26 it,
1993 3104 37 37 by
2042 3105 97 35 acting
2160 3112 73 28 upon
2254 3103 47 30 the
2327 3103 85 30 freest
2424 3103 149 38 principles
2584 3103 32 28 of
2624 3102 235 37 trade.—(Hear.)

1946 3142 28 27 It
1988 3150 57 19 was
2055 3141 63 35 ale.
2127 3141 90 28 stated
2231 3141 63 27 that
2306 3141 198 27 underwriters
2528 3148 71 19 were
2619 3141 146 34 prevented
2790 3139 70 27 from

1946 3176 142 37 charging
2113 3184 74 20 more
2197 3177 66 28 than
2278 3185 15 19 a
2313 3177 106 27 certain
2432 3177 115 27 interest
2558 3184 73 27 upon
2644 3176 116 35 policies
2778 3175 32 27 of
2819 3175 28 26 in-

1948 3221 124 22 surance,
2086 3211 50 27 but
2146 3213 57 26 this
2215 3211 57 30 fact
2283 3211 34 27 he
2335 3211 132 28 doubted.
2515 3211 41 27 lie
2568 3220 56 19 was
2649 3217 48 21 not
2722 3219 89 20 aware
2833 3211 27 25 of

1948 3257 54 27 any
2015 3248 53 28 law
2119 3248 64 27 hicti
2199 3248 146 35 prevented
2360 3249 89 27 ander
2461 3248 105 28 writers
2585 3246 188 32 from-Wilzig
2786 3254 74 20 more

1950 3287 65 26 tbao
2039 3285 51 28 five
2102 3293 47 26 per
2159 3289 71 22 cent.
2242 3291 30 20 to
2282 3283 48 28 the
2343 3283 76 28 West
2440 3283 91 28 Indies
2544 3293 31 17 or
2587 3292 84 19 seven
2685 3291 28 19 to
2727 3283 47 26 the
2796 3282 67 27 East

1951 3322 102 27 Indies.
2102 3320 60 28 The
2173 3325 106 24 correct
2295 3320 135 35 principle
2439 3321 32 27 of
2481 3320 52 28 law
2546 3330 60 22 was,
2620 3320 63 27 that
2696 3319 90 27 which
2802 3328 46 26 per-

1950 3359 94 28 mitted
2066 3366 81 26 every
2160 3365 63 19 man
2238 3361 27 21 to
2278 3357 81 26 mike
2373 3361 48 21 the
2445 3357 60 26 best
2526 3356 119 34 bargain
2669 3356 34 26 he
2717 3356 83 27 could
2819 3356 41 26 for

1952 3394 118 28 himself.
2108 3392 44 28 Ile
2176 3402 56 18 was
2246 3392 163 31 convinced,
2421 3393 89 26 under
2523 3392 38 27 all
2583 3392 46 27 the
2639 3392 223 30 circumstances,

2063 3426 7 1 •

1952 3432 59 28 that
2024 3432 50 27 the
2087 3435 56 24 two
2163 3428 73 30 lion.
2250 3428 138 30 Members
2417 3428 53 30 had
2494 3428 84 28 taken
2598 3436 15 18 a
2630 3436 97 28 wrong
2745 3428 70 27 view
2833 3426 32 27 of

1952 3470 56 28 this
2017 3469 138 37 question.
2194 3465 41 28 lie
2259 3464 78 30 stood
2363 3475 38 28 up
2415 3475 30 19 as
2459 3465 81 28 much
2555 3464 48 28 the
2616 3464 129 30 advocate
2758 3464 31 28 of
2806 3464 56 27 him

1954 3507 60 28 who
2026 3504 60 30 lent
2098 3515 32 18 as
2143 3504 32 27 of
2185 3503 56 27 him
2258 3503 61 27 who
2330 3503 151 27 borrowed.
2522 3503 43 26 He
2578 3502 102 28 wished
2695 3508 28 21 to
2737 3508 51 28 put
2799 3501 48 28 bor-

1955 3542 107 33 rowing
2076 3549 98 28 money
2192 3549 34 18 on
2241 3539 45 28 the
2298 3549 76 18 same
2385 3539 136 37 principle
2532 3548 31 18 as
2585 3540 116 27 interest
2713 3537 43 28 for
2774 3539 74 27 insur-

1954 3587 78 22 ance,
2043 3576 53 26 and
2118 3578 34 25 he
2164 3575 103 28 wished
2280 3581 28 21 to
2322 3575 77 26 leave
2412 3576 22 25 it
2447 3582 27 19 to
2486 3582 80 28 every
2578 3583 63 18 man
2654 3580 28 21 to
2696 3575 79 26 make
2790 3575 74 25 what

1955 3614 116 35 bargain
2085 3612 34 28 he
2139 3611 120 37 pleased.
2298 3611 41 26 He
2354 3611 90 27 would
2457 3621 81 26 agree
2552 3611 65 28 with
2631 3611 47 28 the
2691 3609 72 28 Hon.
2777 3609 67 27 Mem-

1955 3650 58 32 ber,
2028 3650 61 27 that
2101 3658 80 27 every
2194 3653 169 22 transaction
2385 3647 32 27 of
2432 3648 48 27 the
2500 3647 66 28 kind
2581 3647 100 28 should
2696 3647 33 26 be
2744 3646 66 28 such
2835 3653 31 20 as

1956 3692 30 22 to
1998 3687 63 26 hear
2073 3686 48 26 the
2135 3685 92 37 public
2249 3694 65 26 eye;
2337 3686 53 26 and
2405 3685 25 27 if
2452 3685 76 27 there
2544 3693 56 19 was
2626 3692 56 28 any
2706 3684 84 34 thing
2809 3681 57 28 like

1957 3723 87 31 fraud,
2056 3723 155 35 deception,
2224 3731 31 18 or
2269 3723 137 35 improper
2418 3722 181 37 proceeding,
2623 3720 38 28 let
2682 3722 47 27 the
2752 3718 112 38 injured

1958 3759 65 26 take
2035 3758 47 26 the
2095 3758 131 34 peoalties
2237 3768 8 21 ;
2265 3758 65 33 they
2342 3758 80 26 could
2444 3758 37 26 do
2493 3758 60 26 that
2567 3756 89 28 under
2668 3757 47 26 the
2727 3758 136 25 Common

1959 3795 63 28 Law
2034 3794 32 28 of
2075 3796 47 25 the
2134 3798 119 31 country
2276 3794 93 34 (hear,
2383 3794 90 35 hear),
2499 3793 119 28 without
2636 3790 193 30 interference.

1959 3830 41 30 He
2014 3829 138 31 therefore
2178 3829 89 37 hoped
2282 3830 47 26 the
2349 3830 85 28 house
2448 3829 91 28 would
2562 3834 47 22 not
2634 3837 83 28 agree
2740 3834 28 22 to
2794 3831 59 32 post-

1959 3869 106 37 poning
2080 3868 47 27 the
2139 3868 102 27 second
2259 3868 126 31 reading,
2411 3867 93 28 unless
2517 3875 74 19 some
2606 3867 57 28 real
2682 3865 72 30 solid
2776 3865 78 37 objec-

1959 3907 59 27 tion
2027 3905 99 28 should
2141 3905 33 27 be
2187 3904 87 35 urged
2294 3905 110 35 against
2415 3906 31 26 it.
2484 3905 61 27 One
2564 3902 30 28 of
2606 3904 47 28 the
2665 3901 137 39 principal
2820 3901 33 28 ob-

1956 3943 120 37 jections
2092 3940 52 28 had
2160 3941 77 32 been,
2250 3940 60 28 that
2329 3950 54 28 you
2400 3940 91 28 would
2511 3940 91 28 throw
2624 3940 48 27 the
2695 3940 118 26 interest
2839 3939 32 27 of

1961 3987 97 26 money
2072 3984 46 21 too
2132 3978 70 35 high
2229 3977 44 28 for
2289 3978 46 27 the
2349 3978 149 27 borrower.
2537 3978 61 27 The
2611 3976 131 37 ordinary
2756 3976 116 27 interest

1963 4025 56 18 was
2030 4016 71 27 from
2115 4015 76 28 three
2205 4018 27 22 to
2246 4015 60 26 four
2320 4019 137 31 percent,
2470 4012 54 30 and
2533 4015 61 25 that
2610 4023 53 18 was
2676 4012 195 35 considerably

1963 4052 87 26 under
2063 4051 73 26 what
2148 4051 48 26 the
2207 4055 103 22 statute
2324 4051 53 26 had
2391 4050 71 27 filed
2474 4062 9 20 ;
2507 4050 52 27 and
2576 4050 22 27 if
2614 4058 64 18 ever
2693 4049 77 27 there
2789 4057 56 17 was
2856 4058 15 15 a

1962 4090 69 25 time
2043 4088 41 26 for
2099 4085 145 35 removing
2252 4087 66 26 such
2331 4096 15 17 a
2359 4090 103 24 statute
2474 4087 70 26 from
2554 4085 45 27 the
2609 4089 102 22 statute
2725 4084 148 31 book,this

1963 4133 56 19 was
2040 4123 44 26 the
2098 4122 103 38 period.
2238 4121 63 28 The
2313 4128 118 31 country
2452 4130 54 19 was
2520 4122 83 27 much
2623 4120 129 30 indebted
2772 4124 30 22 to
2826 4121 46 27 the

1967 4162 71 26 Hun.
2054 4159 122 28 Member
2190 4159 44 28 for
2245 4160 177 35 pers-vering
2437 4160 28 26 in
2480 4159 137 35 bringing
2639 4157 45 27 the
2698 4155 106 37 subject
2828 4156 31 26 be-

1967 4199 57 26 fore
2036 4196 47 28 the
2091 4196 96 31 house,
2200 4195 53 27 and
2267 4195 33 27 lie
2316 4195 89 35 hoped
2421 4195 45 27 the
2479 4195 87 27 house
2580 4194 91 27 would
2686 4192 129 37 negative
2826 4193 46 28 the

1965 4234 180 27 amendment.

2001 4273 46 26 Sir
2059 4270 104 30 JOHN
2178 4266 471 32 WROTTESLEY—OneshouId
2662 4265 138 38 naturally
2812 4273 46 27 sup-

1969 4317 65 26 pose
2044 4307 59 30 that
2117 4316 74 19 some
2203 4312 99 31 strong
2313 4306 124 37 grounds
2451 4305 90 27 would
2555 4304 34 27 be
2601 4304 89 27 stated
2702 4309 27 21 to
2744 4302 77 28 show
2828 4304 46 26 the

1969 4345 132 33 necessity
2109 4344 33 26 of
2165 4343 144 34 repealing
2331 4351 15 18 a
2362 4350 125 19 measure
2510 4339 90 27 which
2621 4338 56 26 bad
2692 4338 122 26 received
2829 4338 46 26 tha

1967 4381 124 26 sanction
2109 4378 33 27 of
2151 4378 48 27 the
2219 4383 118 30 country
2350 4377 43 26 for
2406 4376 128 34 upwards
2546 4376 32 25 of
2590 4374 54 27 300
2656 4382 86 28 years.
2780 4372 39 26 At
2826 4372 47 26 the

1969 4422 107 28 present
2091 4419 120 24 moment
2223 4416 47 26 the
2281 4419 58 24 rate
2350 4413 33 28 of
2393 4413 115 27 interest
2520 4411 22 26 is
2552 4410 69 27 from
2636 4410 74 26 three
2721 4407 53 30 and
2787 4416 15 18 a
2818 4407 59 27 half

1967 4457 28 22 to
2008 4452 61 28 four
2080 4462 46 27 per
2144 4457 70 22 cent.
2254 4450 81 27 What
2354 4449 81 28 could
2451 4449 33 26 be
2503 4448 45 27 the
2565 4446 92 38 object
2679 4444 32 28 of
2732 4443 143 38 repealing

1969 4488 47 27 the
2034 4489 76 32 laws,
2122 4494 97 32 except
2233 4494 28 21 to
2277 4488 45 34 lay
2341 4496 17 18 a
2370 4492 61 30 trap
2444 4487 41 26 for
2498 4486 46 25 the
2556 4491 97 28 young
2672 4482 54 26 and
2741 4489 111 28 unwary
2864 4481 11 27 ?

1969 4525 92 30 These
2089 4526 66 27 laws
2176 4524 152 38 proceeded
2359 4531 37 19 on
2426 4530 17 18 a
2461 4520 120 27 uniform
2602 4517 146 37 principle,
2769 4518 59 26 that
2845 4517 32 27 of

1968 4561 138 34 checking
2118 4560 138 28 extortion
2272 4559 56 27 and
2342 4565 93 27 usury,
2451 4556 91 27 which
2564 4560 48 20 not
2634 4553 67 35 only
2714 4553 106 26 existed
2845 4552 30 27 in

1968 4598 57 27 this
2037 4604 125 30 country.
2187 4597 48 27 but
2261 4600 30 21 to
2314 4604 14 17 a
2352 4598 72 21 most
2447 4591 146 27 miserable
2613 4593 93 24 extent
2722 4589 28 28 in
2776 4589 99 27 almost

1968 4643 80 28 every
2061 4641 117 30 country
2196 4632 30 27 in
2249 4632 117 33 Europe.
2405 4628 32 27 In
2451 4628 57 28 this
2520 4631 130 31 country,
2662 4624 109 28 instead
2781 4624 32 27 of
2825 4633 51 18 our

1969 4671 135 34 suffering
2118 4671 70 26 from
2200 4669 77 27 these
2294 4667 94 35 Usury
2402 4664 89 33 Laws,
2502 4664 48 27 the
2567 4663 103 38 capital
2683 4662 53 28 had
2751 4661 27 28 b.
2787 4671 33 18 en
2833 4662 28 26 in-

1969 4707 128 34 creasing
2108 4715 63 18 ever
2183 4706 76 26 since
2272 4703 53 27 and
2337 4703 69 26 from
2430 4702 46 27 the
2490 4700 96 37 period
2610 4701 28 26 in
2652 4697 91 28 which
2757 4697 47 28 the
2824 4697 52 27 last

1969 4742 54 26 Act
2035 4741 252 37 passed—namely,
2300 4741 30 25 in
2348 4740 46 25 the
2408 4736 78 35 reign
2500 4736 32 26 of
2550 4736 99 32 Queen
2672 4735 91 31 Anne,
2786 4739 27 21 to
2826 4735 48 24 the

1969 4782 110 28 present
2092 4776 80 30 hour,
2185 4775 74 26 there
2272 4782 83 20 never
2366 4782 56 19 was
2434 4781 53 27 any
2498 4778 119 31 country
2629 4769 30 28 in
2670 4769 91 27 which
2774 4768 100 34 capital

1969 4814 53 27 had
2040 4812 187 28 accumulated
2242 4821 74 18 more
2328 4809 119 38 rapidly.
2489 4808 74 27 With
2578 4806 100 38 regard
2691 4812 27 21 to
2732 4804 144 37 repealing

1969 4851 77 30 those
2063 4852 66 26 laws
2141 4851 85 26 under
2241 4847 86 28 which
2341 4850 47 25 the
2401 4846 90 28 whole
2502 4843 105 39 capital
2620 4844 31 27 of
2668 4841 46 30 the
2738 4840 137 38 kingdom

1968 4886 138 31 centered,
2124 4886 25 27 if
2170 4886 24 26 it
2212 4894 54 18 was
2278 4892 144 27 necessary
2435 4887 28 24 to
2487 4879 92 37 repeal
2604 4880 85 31 them,
2713 4878 59 27 this
2781 4877 92 27 would

1969 4928 48 21 net
2030 4924 66 26 have
2108 4922 66 27 been
2189 4923 47 25 the
2250 4925 129 31 country,
2392 4919 32 27 of
2445 4918 37 27 all
2505 4918 106 30 others,
2628 4916 30 26 in
2673 4912 92 27 which
2777 4919 99 28 money

1970 4958 89 26 would
2075 4958 69 26 have
2161 4957 69 27 been
2245 4961 56 30 got.
2340 4955 51 28 Let
2405 4964 31 19 us
2448 4954 125 28 consider
2585 4951 56 26 this
2653 4949 129 37 question
2800 4956 31 19 as
2852 4948 22 27 it

1969 4994 178 38 particularly
2158 4991 92 31 affects
2265 4994 47 26 the
2326 4991 98 30 landed
2437 4993 125 26 interest.
2589 4988 92 34 Every
2693 4983 73 39 body
2779 4984 96 27 knows

1971 5031 57 26 that
2037 5036 99 24 estates
2150 5030 90 28 which
2251 5029 117 28 descend
2383 5034 28 22 to
2425 5029 47 27 the
2491 5026 89 30 eldest
2597 5030 50 20 son
2665 5026 76 24 must
2764 5020 34 30 be
2811 5022 50 27 bur-

1969 5066 90 30 dened
2070 5067 65 28 with
2151 5070 167 31 mortgages.
2354 5062 260 33 Notwithstanding
2624 5060 76 26 these
2712 5057 76 32 laws,
2798 5056 77 28 there

1970 5101 50 27 has
2031 5102 104 28 seldom
2156 5104 70 26 been
2248 5109 56 28 any
2316 5100 136 39 iifficalty
2464 5101 31 26 is
2510 5096 142 35 renewing
2669 5099 158 31 mortgages
2845 5100 30 21 at

1970 5137 51 28 five
2035 5147 48 26 per
2091 5144 70 22 cent.
2179 5139 91 27 There
2282 5138 70 28 have
2363 5138 79 31 been,
2456 5137 22 27 it
2489 5137 25 25 is
2526 5140 69 24 true,
2609 5132 79 27 times
2700 5130 33 27 of
2740 5128 135 38 difficulty

1969 5173 56 27 and
2031 5183 133 27 expense;
2180 5173 47 28 but
2239 5173 47 27 the
2298 5181 99 28 person
2409 5173 63 26 who
2494 5171 59 28 lent
2578 5169 47 27 the
2646 5173 100 27 money
2759 5169 28 24 at
2812 5166 63 26 four

1971 5218 47 24 per
2028 5216 71 21 cent.
2112 5215 31 20 at
2153 5218 52 19 one
2224 5211 74 30 time,
2308 5210 83 27 could
2401 5217 48 27 say
2461 5215 72 21 now,
2546 5212 41 19 we
2596 5202 71 27 will
2667 5202 70 27 have
2748 5200 71 32 four,
2842 5210 34 19 or

1969 5244 61 32 Eve.
2041 5254 32 18 or
2096 5245 41 26 six
2157 5252 48 27 per
2215 5250 89 27 cent.;
2328 5245 56 27 and
2398 5245 77 26 there
2487 5243 22 26 is
2523 5249 35 19 no
2570 5238 136 34 knowing
2717 5237 50 27 the
2777 5242 98 22 extent

1970 5285 28 22 to
2011 5281 91 27 which
2122 5281 24 26 it
2160 5281 89 27 would
2264 5290 46 26 go.
2350 5281 77 28 With
2454 5277 99 38 regard
2576 5280 28 24 to
2628 5275 48 27 the
2696 5274 176 28 commercial

1969 5316 200 31 interest..how
2181 5317 83 27 could
2275 5317 24 28 it
2311 5317 33 27 be
2357 5316 120 38 possible
2494 5315 61 27 that
2575 5311 80 28 those
2676 5317 120 28 person%
2811 5310 61 27 who

1969 5354 128 35 acgoired
2111 5352 47 27 the
2176 5354 99 34 capital
2298 5354 90 27 which
2408 5349 144 39 employed
2574 5348 48 27 the
2647 5346 227 37 manufacturing

1968 5388 97 28 labour
2076 5388 32 28 of
2118 5388 57 27 this
2186 5395 118 31 country
2316 5389 80 27 could
2409 5396 63 20 ever
2484 5393 115 28 procure
2610 5383 60 27 that
2683 5382 98 35 capital
2793 5382 25 27 if
2826 5386 48 24 the

1969 5425 98 28 landed
2079 5426 116 27 interest
2207 5434 67 19 were
2284 5424 117 30 allowed
2414 5422 106 31 twelve,
2530 5430 32 18 or
2572 5428 34 19 an
2617 5419 146 28 unlimited
2774 5427 59 19 sum
2846 5418 31 27 of

1969 5470 96 27 money
2079 5470 47 27 per
2147 5466 72 22 cent.
2268 5463 58 28 The
2344 5466 189 28 consequence
2559 5461 73 22 must
2657 5454 163 37 necessarily
2841 5453 33 27 be

1969 5498 60 27 that
2041 5499 47 24 the
2113 5498 224 35 manufacturing
2350 5498 116 26 interest
2487 5493 33 27 of
2533 5492 59 28 this
2616 5497 119 31 country
2748 5497 74 21 must
2842 5490 32 26 be

1969 5532 124 32 brought
2101 5532 60 26 into
2169 5532 47 27 the
2226 5537 120 28 greatest
2357 5532 123 26 distress.
2517 5530 33 26 In
2559 5529 72 27 what
2641 5528 131 27 situation
2783 5525 90 27 would

1969 5569 48 28 the
2028 5568 188 28 Government
2232 5569 32 27 be
2285 5567 117 39 placed?
2420 5565 48 27 Let
2481 5575 31 18 us
2533 5564 129 27 recollect
2674 5564 74 26 what
2760 5571 54 18 was
2828 5561 46 26 the

1969 5611 61 20 ease
2037 5603 30 26 is
2076 5603 50 26 tbe
2133 5602 57 28 lase
2200 5611 63 20 war.
2300 5603 92 28 There
2404 5610 56 19 was
2472 5602 47 27 the
2538 5601 83 27 Bank
2641 5597 167 32 restriction,
2818 5596 54 26 and

1970 5644 28 24 at
2007 5648 51 20 one
2070 5639 65 27 time
2148 5639 46 27 the
2206 5640 79 28 funds
2298 5641 33 27 of
2344 5640 57 28 this
2421 5642 119 33 country
2550 5646 73 19 were
2635 5636 87 27 under
2732 5633 44 32 50,
2790 5631 50 27 bat
2856 5640 17 18 a

1970 5678 78 31 large
2060 5675 161 35 proportion
2232 5678 31 25 of
2274 5686 100 28 money
2388 5683 56 19 was
2456 5674 90 28 raised
2557 5674 104 34 during
2679 5672 48 27 the
2744 5669 56 27 last
2807 5675 65 24 war,

1971 5712 53 28 and
2037 5711 22 26 if
2076 5709 80 26 this*
2167 5709 65 28 laws
2246 5713 53 26 had
2313 5719 50 21 not
2381 5711 113 32 existed,
2518 5711 47 28 the
2585 5709 184 28 Government
2781 5702 91 27 would

1972 5754 79 20 sever
2063 5746 70 27 have
2143 5745 69 27 been
2225 5747 60 26 able
2293 5753 32 21 to
2335 5748 71 27 have
2421 5747 87 26 raised
2520 5747 48 26 the
2582 5752 115 27 money;
2717 5743 65 32 they
2791 5746 81 19 never

1971 5781 91 31 would
2079 5781 69 26 have
2165 5780 54 27 bad
2233 5781 46 26 the
2293 5784 156 34 preference
2460 5781 66 37 they
2544 5783 66 27 then
2624 5779 63 31 had,
2704 5777 53 28 and
2771 5773 102 35 always

1971 5818 92 33 ought
2074 5822 30 22 to
2118 5818 70 25 have
2200 5817 43 26 for
2254 5818 46 26 the
2314 5818 96 37 public
2419 5818 133 37 security.
2583 5817 28 28 If
2622 5818 78 27 there
2709 5813 33 27 be
2751 5819 18 19 a
2780 5809 91 37 repeal

1972 5857 30 27 of
2014 5854 57 27 this
2081 5852 65 31 Bill,
2159 5852 46 26 the
2218 5852 53 26 fair
2281 5862 97 28 money
2391 5855 91 28 dealer
2491 5855 58 28 will
2563 5855 34 27 be
2606 5854 109 27 thrown
2726 5851 48 24 out
2787 5845 32 26 of
2826 5845 46 26 the

1972 5890 18 31 m
1990 5890 90 31 arket
2093 5889 37 34 by
2146 5888 48 27 the
2213 5889 167 27 extortioner
2396 5891 54 26 and
2470 5900 105 18 usurer.
2611 5889 28 27 if
2660 5888 46 27 the
2730 5880 91 38 repeal
2844 5880 28 28 of

1976 5929 74 27 these
2062 5923 67 28 laws
2140 5922 89 28 would
2243 5923 63 26 ruin
2313 5924 47 27 the
2370 5924 100 30 landed
2483 5928 124 30 interest,
2619 5928 90 24 starve
2720 5920 45 30 the
2778 5924 94 19 mann-

2891 892 54 27 Mr.
2969 891 105 28 JOHN
3107 889 190 28 SMITH—It
3317 889 25 27 is
3364 891 89 26 stated
3475 891 61 26 that
3557 889 26 27 if
3600 891 76 27 these
3696 891 69 26 laws

2856 935 46 20 are
2916 926 133 35 repealed,
3067 927 22 26 it
3103 926 58 28 will
3185 925 33 27 be
3231 924 130 28 attended
3373 925 65 26 with
3464 926 45 26 the
3530 927 60 26 ruin
3604 927 32 26 of
3651 926 38 26 all
3713 928 47 25 the

2857 969 80 31 great
2949 964 138 27 interests.
3128 960 262 34 Withonteetering
3405 961 60 27 into
3484 971 54 26 any
3561 969 149 30 argument
3724 970 39 19 on

2857 1002 60 27 that
2942 1000 89 35 point,
3048 999 24 28 it
3091 1007 63 27 may
3177 998 34 28 be
3231 996 135 31 sufficient
3389 1002 28 24 to
3441 1003 70 24 state
3536 999 60 27 that
3609 1003 76 25 these
3698 999 69 27 lairs

2859 1036 111 37 against
2993 1035 97 38 Usury
3110 1045 57 22 are,
3193 1035 30 27 in
3244 1033 66 32 fact,
3339 1033 102 27 almost
3463 1035 142 35 generally
3643 1035 125 35 repealed

2858 1072 176 34 throughout
3048 1071 120 35 Europe.
3206 1071 65 26 And
3283 1070 80 27 there
3377 1069 25 26 is
3415 1074 80 28 great
3511 1077 94 19 reason
3619 1074 30 21 to
3663 1070 105 27 believe

2859 1109 61 26 that
2934 1107 37 28 all
2986 1108 46 27 the
3044 1107 129 27 interests
3185 1107 70 27 have
3275 1106 67 27 been
3361 1106 83 26 much
3459 1104 143 27 advanced
3627 1106 37 34 by
3685 1106 30 26 it.

2859 1144 100 28 should
2970 1148 51 22 not
3033 1144 70 26 have
3113 1143 84 27 taken
3208 1149 56 30 any
3279 1147 63 32 part
3353 1149 35 19 on
3404 1140 56 28 this
3469 1141 139 31 occasion,
3624 1140 52 28 but
3697 1140 72 28 from

2859 1191 53 19 one
2926 1189 32 19 or
2980 1185 56 24 two
3047 1180 214 27 circumstances
3281 1179 61 28 that
3359 1179 70 26 have
3448 1178 133 27 occurred
3602 1178 98 28 within
3723 1179 50 33 my

2859 1226 63 20 own
2933 1217 185 27 observation.
3156 1215 12 27 1
3184 1222 78 20 mean
3276 1214 46 28 the
3340 1219 79 31 great
3429 1213 57 28 and
3498 1214 168 28 destructive
3679 1213 94 28 effects

2861 1254 91 27 which
2972 1252 12 28 I
3000 1254 69 26 have
3084 1252 102 26 known
3198 1260 105 27 among
3330 1248 169 39 respectable
3521 1251 119 27 families
3661 1251 31 27 in
3715 1248 58 28 this

2861 1294 117 32 country
2991 1289 71 27 from
3080 1289 90 35 rising
3190 1296 100 28 money
3315 1286 38 37 by
3376 1294 60 28 way
3456 1286 32 28 of
3503 1284 270 40 annuities—(hear,

2862 1325 211 37 bear)—effects
3086 1333 32 19 so
3138 1325 117 27 ruinous
3276 1322 56 30 and
3354 1322 123 30 horrible
3491 1325 60 26 that
3573 1324 11 27 I
3595 1325 83 27 could
3698 1328 74 25 state

2862 1362 142 30 instances
3018 1361 87 28 which
3120 1361 69 27 have
3198 1359 133 28 extended
3346 1359 164 27 themselves
3527 1369 66 19 over
3606 1369 15 18 a
3634 1368 97 21 course
3743 1355 33 31 of

2863 1407 91 27 years,
2972 1397 54 28 and
3050 1397 71 28 from
3145 1397 93 27 which
3263 1396 47 27 the
3330 1395 169 30 individuals
3511 1395 71 28 have
3600 1402 50 24 not
3670 1395 48 38 yet
3731 1403 28 21 re-

2865 1434 125 28 covered.
3032 1431 34 28 In
3080 1433 77 33 point
3169 1433 33 27 of
3230 1431 67 33 fact.
3326 1441 110 26 money,
3472 1431 58 27 11Ica
3539 1441 58 30 any
3607 1435 81 26 ether
3699 1439 76 21 cots•

2867 1470 115 34 nierlity,
3004 1474 73 22 must
3100 1468 57 28 fiud
3231 1468 241 35 Utarket--(hear,
3496 1468 174 35 hear)—aod
3689 1470 26 26 if
3736 1475 39 21 an

2867 1505 156 28 individual
3043 1504 50 28 has
3115 1506 129 26 occasion
3262 1505 41 26 for
3330 1504 98 32 1,0001.
3442 1504 102 33 which,
3556 1506 126 37 perlisps,
3702 1508 74 25 went

2867 1543 79 26 there
2965 1550 35 19 no
3025 1540 66 28 laws
3103 1541 111 33 against
3229 1539 105 37 Usury,
3357 1540 34 27 he
3407 1540 93 35 might
3514 1540 57 30 find
3583 1551 77 18 some
3672 1541 89 27 indivi-

2867 1577 64 31 dual
2952 1577 89 31 would
3056 1577 64 27 lend
3133 1581 28 22 at
3184 1577 41 27 six
3239 1585 32 19 or
3283 1586 78 19 seven
3376 1586 48 26 per
3444 1583 73 25 cent,
3536 1578 34 28 he
3583 1587 72 24 now,
3676 1578 38 38 by
3726 1577 48 30 the

2867 1615 67 28 laws
2947 1624 30 19 as
2995 1615 66 37 they
3079 1619 30 22 at
3122 1619 111 31 present
3244 1615 79 32 exist,
3337 1623 67 30 pays
3419 1613 41 33 13,
3481 1615 41 32 14,
3541 1624 33 19 or
3591 1615 27 35 IS
3618 1615 14 35 .
3640 1622 48 32 pet
3700 1619 74 25 colt.

2869 1652 28 27 If
2913 1659 56 27 any
2988 1651 77 37 body
3086 1654 48 25 has
3161 1659 17 18 a
3200 1650 90 30 doubt
3299 1659 37 20 on
3350 1652 50 27 the
3410 1651 116 37 subject.
3540 1652 37 27 he
3593 1651 56 30 liar
3661 1654 69 34 only
3743 1657 33 22 to

2869 1688 70 28 refer
2952 1693 30 22 to
2995 1688 47 27 the
3065 1687 177 32 Committee,
3255 1687 54 27 and
3330 1687 78 28 there
3428 1688 35 26 be
3476 1688 58 28 will
3547 1697 45 19 arm
3613 1690 79 27 these
3749 1693 28 24 to

2868 1723 145 37 distinctly
3030 1723 102 35 proved
3146 1723 35 35 by
3194 1723 170 27 individuals
3374 1724 64 26 who
3449 1723 57 27 had
3526 1724 117 27 fairness
3661 1726 116 34 eneegle

2869 1765 30 19 to
2922 1767 76 19 avow
3021 1759 66 35 they
3105 1759 48 26 did
3169 1765 48 20 not
3229 1757 83 27 think
3324 1767 56 26 any
3398 1766 61 19 man
3480 1757 58 30 lent
3557 1766 102 30 money
3671 1756 31 30 in
3715 1760 64 27 that

2870 1802 60 28 way
2943 1795 86 27 under
3043 1794 33 28 14
3086 1804 31 18 or
3133 1794 32 28 15
3180 1804 47 27 per
3239 1799 71 22 cent.
3351 1793 77 28 With
3452 1798 107 35 respect
3591 1800 30 22 to
3638 1794 50 28 the
3702 1802 57 20 com-

2870 1831 111 28 mercial
2995 1831 80 38 body,
3089 1833 47 26 the
3151 1831 74 28 Hon.
3240 1830 77 30 Bart,
3330 1830 143 38 expressed
3485 1830 57 31 fear
3555 1831 40 28 fot
3609 1831 72 28 their
3691 1832 74 28 situa-

2871 1867 67 28 tion.
2957 1869 41 26 As
3011 1877 51 19 one
3076 1869 30 27 of
3115 1869 59 27 that
3188 1869 74 38 body
3278 1867 9 27 I
3306 1869 106 28 confess
3425 1867 8 27 I
3452 1867 69 28 have
3531 1873 50 22 not
3588 1869 47 28 the
3648 1869 135 37 slightest

2871 1905 223 35 apprehensions.
3143 1905 99 35 (Hear,
3265 1905 91 35 hear.)
3398 1904 224 39 Unfortunately,
3659 1907 22 26 it
3715 1904 67 30 does

2872 1941 105 37 happen
3004 1943 60 26 that
3089 1942 78 27 when
3189 1941 167 30 individuals
3373 1941 129 39 engaged
3516 1942 28 26 in
3557 1950 151 19 commerce
3720 1942 58 27 and

2874 1977 200 28 manufactures
3085 1988 46 18 are
3144 1977 146 30 distressed
3305 1978 41 27 fur
3360 1987 111 30 money.
3489 1978 66 38 they
3573 1980 70 28 have
3654 1985 130 20 recourse

2874 2019 28 22 to
2917 2014 104 28 certain
3034 2016 159 35 expedients
3207 2022 28 21 to
3249 2017 70 26 raise
3332 2016 24 26 it
3370 2016 66 28 with
3462 2015 169 30 individuals
3646 2016 72 32 who,
3730 2024 34 20 un-

2874 2052 167 35 fortunately
3060 2052 41 27 for
3115 2053 170 31 themselves,
3308 2052 66 27 sink
3394 2052 60 28 into
3476 2052 106 37 infamy
3600 2056 37 32 by
3664 2053 118 33 leading

2875 2094 102 26 money
2995 2091 27 22 at
3041 2095 73 20 more
3133 2089 65 25 than
3213 2088 52 27 five
3283 2096 48 26 per
3343 2092 73 22 cent.
3429 2096 46 18 are
3491 2088 112 34 obliged
3619 2096 30 19 to
3661 2087 33 27 be
3715 2088 67 34 paid

2874 2130 18 19 &
2900 2122 136 35 premium
3051 2122 40 27 for
3105 2124 46 26 the
3165 2122 54 27 lose
3237 2124 33 27 of
3286 2122 73 27 their
3369 2122 117 33 honour,
3498 2124 54 27 and
3566 2125 66 27 then
3639 2124 21 27 it
3674 2124 22 27 is
3704 2125 81 26 these

2876 2158 185 28 transactions
3086 2169 46 19 are
3158 2161 80 27 heard
3263 2158 37 30 of.
3340 2159 113 37 Having
3471 2160 104 35 argued
3591 2160 57 28 this
3660 2159 80 37 point
3752 2160 30 28 in

2876 2204 46 28 my
2936 2194 47 28 life
3004 2204 66 28 very
3081 2197 87 31 often,
3194 2196 9 27 I
3220 2196 69 30 have
3302 2202 58 27 not,
3372 2197 43 27 for
3435 2206 74 19 some
3524 2198 64 27 time
3604 2202 70 32 past,
3692 2197 90 28 fonnd

2875 2241 56 26 any
2943 2242 63 18 man
3022 2235 90 25 whose
3125 2233 222 32 understanding
3369 2233 9 26 I
3402 2241 104 28 respect
3517 2241 27 19 at
3554 2235 37 26 all
3604 2235 61 25 who
3687 2233 96 27 differs

2877 2268 70 28 from
2961 2278 51 19 me.
3052 2269 26 27 It
3099 2270 22 27 is
3130 2270 43 27 six
3187 2278 77 27 years
3279 2270 77 26 since
3370 2271 48 25 the
3437 2275 98 22 matter
3543 2270 132 27 ocrurred
3691 2275 28 22 to
3730 2280 53 20 me.

2878 2306 53 27 and
2946 2306 12 26 I
2982 2314 81 19 never
3076 2311 54 20 met
3145 2306 66 27 with
3226 2314 15 18 a
3254 2314 63 18 man
3330 2306 31 26 of
3370 2314 79 19 sense
3463 2307 61 26 who
3543 2306 53 27 had
3608 2306 132 28 ventured
3754 2311 31 21 to

2878 2342 63 28 take
2956 2342 46 27 the
3014 2343 80 26 other
3105 2342 57 28 side
3180 2342 32 27 of
3220 2342 45 27 the
3279 2347 156 32 argument.

2914 2393 52 28 Mr.
2980 2391 256 30 ORENFELL-1
3249 2391 72 37 hope
3333 2391 56 28 this
3398 2391 56 31 Bill
3461 2391 58 28 will
3531 2396 46 24 not
3587 2400 60 28 pass
3659 2391 125 37 through

2880 2432 46 26 the
2948 2430 93 27 House
3063 2431 117 26 nithout
3204 2428 105 37 having
3330 2428 46 27 the
3392 2430 113 33 opinion
3530 2430 31 26 of
3578 2430 45 26 his
3645 2430 142 37 Majesty's

2878 2469 195 27 Government.
3111 2466 27 27 It
3156 2465 25 28 is
3201 2474 17 19 a
3233 2464 107 38 subject
3357 2473 35 19 on
3407 2465 91 27 which
3521 2473 52 19 one
3586 2465 90 35 single
3687 2469 53 25 tart
3762 2466 25 26 is

2881 2504 87 30 worth
2980 2513 15 17 a
3008 2502 126 28 hundred
3149 2507 171 31 arguments.
3360 2502 28 27 If
3402 2502 7 27 1
3426 2503 164 26 understand
3604 2503 47 27 the
3665 2502 123 34 grounds

2880 2551 37 17 on
2935 2541 91 26 which
3041 2541 54 26 this
3112 2539 56 27 Bill
3182 2541 24 24 is
3217 2537 130 35 opposed,
3361 2538 22 27 it
3404 2539 24 27 is
3441 2537 37 37 by
3494 2538 79 27 those
3587 2541 61 26 who
3660 2539 128 26 conceive

2880 2578 47 27 the
2937 2576 77 28 effect
3034 2576 31 28 of
3080 2577 47 26 the
3142 2574 90 38 repeal
3256 2572 54 28 will
3326 2574 32 28 be
3371 2580 30 21 to
3423 2575 122 27 increase
3565 2576 46 26 tl.e
3630 2576 115 26 interest
3755 2572 32 27 of

2881 2622 110 27 money.
3038 2613 83 32 Now,
3141 2611 56 32 Sir,
3222 2610 9 28 I
3256 2610 57 28 will
3343 2616 71 22 state
3438 2611 47 26 the
3510 2611 99 35 simple
3647 2611 64 27 fact.
3755 2610 37 27 In

2883 2649 120 31 Holland
3021 2650 74 27 there
3116 2657 83 19 never
3213 2648 50 27 has
3276 2648 66 28 been
3357 2656 56 27 any
3425 2648 131 28 restraint
3578 2657 32 18 or
3622 2647 162 30 restriction

2883 2689 139 27 whatever
3034 2696 73 26 upon
3128 2686 47 28 the
3187 2685 117 28 interest
3317 2685 32 27 of
3357 2693 99 30 money
3469 2695 8 21 ;
3490 2683 54 28 and
3567 2685 11 27 1
3600 2694 50 18 can
3661 2685 84 38 speak
3759 2693 31 19 as

2884 2725 60 30 well
2957 2722 174 38 historically
3143 2733 30 17 as
3185 2722 71 27 from
3270 2731 45 28 my
3335 2731 60 18 own
3410 2722 172 34 experience,
3593 2722 60 26 that
3672 2722 78 26 there
3762 2721 26 27 is

2884 2772 34 18 no
2933 2767 116 30 country
3061 2761 27 27 in
3100 2760 109 35 Europe
3222 2760 28 27 in
3259 2759 90 28 which
3361 2760 46 26 the
3422 2764 58 22 rate
3493 2758 33 27 of
3531 2759 113 27 interest
3656 2758 25 28 is
3693 2767 31 18 so
3738 2759 54 26 low

2884 2809 28 19 as
2926 2800 28 27 in
2965 2799 47 27 the
3026 2797 103 30 United
3145 2796 155 30 Provinces.
3340 2794 9 28 I
3365 2794 135 28 therefore
3511 2794 70 38 hope
3594 2794 43 30 his
3650 2794 144 39 Majesty's

2884 2838 185 27 Government
3093 2833 56 28 will
3171 2833 64 35 give
3247 2833 76 27 their
3334 2838 113 32 suppott
3459 2837 30 22 to
3502 2832 56 27 this
3572 2841 26 25 up
3598 2841 13 25 ,
3611 2841 92 25 asiire,
3717 2841 76 19 more

2884 2872 177 38 particularly
3076 2881 28 18 as
3115 2871 22 27 it
3156 2871 24 27 is
3200 2871 28 26 in
3242 2870 98 27 unison
3356 2870 65 27 with
3441 2871 78 25 those
3530 2868 99 28 liberal
3644 2870 84 26 views
3737 2867 56 30 and

2885 2909 111 35 politics
3015 2908 91 26 which
3126 2916 40 17 we
3187 2906 71 27 have
3270 2914 63 18 'eel
3345 2906 73 26 them
3441 2910 46 21 act
3498 2913 73 26 upon
3586 2906 64 26 with
3666 2913 28 19 so
3707 2906 86 26 much

2885 2944 172 28 satisfaction
3080 2943 32 27 of
3142 2940 279 38 late—(hear)—and
3446 2941 9 27 I
3485 2940 136 38 sincerely
3647 2939 70 39 hope
3741 2941 51 26 the

2887 2981 122 28 Learned
3022 2981 137 35 Sergeant
3177 2979 57 28 will
3253 2987 150 28 persevere.

2923 3032 57 28 Mr.
3004 3030 274 30 11111SRISSON—I
3300 3037 56 19 was
3367 3037 51 19 one
3430 3027 32 28 of
3483 3027 46 28 the
3544 3027 137 28 Members
3694 3027 32 28 of
3746 3026 50 30 the

2887 3069 163 30 Committee
3064 3073 28 21 to
3104 3067 89 27 which
3215 3066 56 28 this
3288 3066 126 38 question
3437 3074 56 19 was
3508 3064 115 31 referred
3635 3072 26 21 to
3674 3065 28 28 in
3717 3064 78 33 1818,

2887 3107 56 27 and
2956 3107 61 26 who
3032 3105 80 27 made
3125 3105 47 26 the
3193 3104 105 37 Report
3311 3110 27 21 to
3353 3103 45 28 the
3423 3102 105 30 House.
3565 3102 60 28 The
3647 3102 113 37 opinion

2889 3144 69 27 then
2970 3142 104 28 formed
3091 3141 11 27 I
3117 3141 56 28 still
3185 3139 148 28 entertain.
3371 3138 11 28 1
3399 3141 70 26 have
3483 3146 80 20 never
3581 3139 91 27 varied
3684 3139 30 27 in
3733 3139 65 26 that

2890 3180 126 35 opinion.
3056 3178 26 27 It
3099 3185 54 19 was
3172 3177 28 26 in
3223 3177 100 26 unison
3351 3175 65 28 with
3439 3176 59 26 that
3523 3174 31 27 of
3573 3175 46 27 the
3635 3174 167 27 Committee

2891 3214 85 28 itself.
3014 3213 11 27 I
3041 3211 125 28 consider
3180 3211 74 27 these
3269 3211 66 27 laws
3348 3220 31 18 as
3398 3210 150 28 calculated
3570 3210 67 34 only
3656 3216 28 21 to
3696 3209 58 28 lead
3772 3215 31 21 to

2891 3250 169 31 difficulties,
3073 3248 154 32 litigation,
3241 3247 53 28 and
3309 3246 227 37 fraud.—(Hear,
3549 3246 91 32 hear.)

2927 3296 63 26 The
3012 3292 266 30 CHANCELLOR
3299 3294 31 26 of
3352 3292 48 27 the
3430 3291 374 32 EXCHEQUER—When

2891 3333 56 27 this
2968 3331 107 37 subject
3089 3339 54 19 was
3165 3330 92 26 before
3276 3330 47 27 the
3339 3330 92 26 House
3445 3330 51 26 last
3514 3328 122 31 Session,
3657 3327 12 28 1
3685 3327 56 31 did,
3754 3335 33 18 un-

2891 3369 163 35 doubtedly.
3080 3372 61 22 vote
3161 3366 110 35 against
3296 3367 46 25 the
3367 3365 257 37 proposition—not
3637 3363 169 35 conceising

2893 3406 59 27 that
2966 3406 77 26 there
3067 3412 53 18 ...as
3138 3411 54 26 any
3207 3402 157 32 advantage
3389 3403 136 26 whatever
3547 3400 28 26 in
3595 3400 47 26 the
3664 3402 142 26 existence

2891 3441 32 30 of
2942 3441 48 30 the
3005 3438 96 38 Usury
3119 3439 74 33 laws,
3215 3439 53 27 and
3291 3438 86 37 being
3398 3438 79 37 quite
3497 3436 119 28 satisfied
3643 3437 60 28 that
3722 3437 83 27 there

2893 3489 81 20 were,
2983 3487 35 19 on
3039 3480 46 26 the
3096 3478 83 26 other
3193 3477 81 32 hand,
3285 3485 83 26 many
3380 3475 156 35 objections
3555 3472 90 28 which
3667 3472 92 34 might
3771 3474 33 27 be

2893 3516 86 34 urged
2994 3515 107 35 against
3116 3515 72 26 them
3200 3523 7 21 ;
3229 3514 47 26 but
3291 3513 9 27 I
3317 3522 54 18 was
3390 3519 50 21 not
3452 3510 131 37 prepared
3596 3515 27 24 at
3632 3510 60 28 that
3702 3510 65 28 time
3775 3514 31 25 to

2893 3561 50 26 say
2956 3552 60 26 that
3030 3554 46 24 the
3091 3555 120 21 moment
3230 3557 53 19 was
3296 3548 106 28 arrived
3416 3554 28 21 at
3467 3549 87 25 which
3572 3548 21 25 it
3604 3547 91 26 would
3707 3548 33 26 be
3752 3554 33 19 ex-

2893 3587 111 37 pedient
3017 3592 27 21 to
3057 3586 86 26 revise
3154 3585 56 26 this
3223 3591 102 30 system
3338 3583 32 27 of
3380 3583 66 26 laws
3459 3583 54 26 and
3535 3583 143 35 acquiesce
3698 3583 30 26 in
3748 3591 58 26 any

2894 3622 157 26 alteration.
3090 3621 9 27 I
3126 3626 102 22 cannot
3244 3630 46 19 say
3314 3622 60 25 that
3402 3620 9 26 I
3435 3618 79 30 think
3528 3619 47 26 the
3594 3618 211 27 circumstances

2895 3659 87 27 under
2995 3658 90 28 which
3098 3658 21 27 it
3135 3658 25 26 is
3180 3665 59 19 now
3263 3651 123 41 brought
3415 3654 117 28 forward
3554 3664 46 18 are
3621 3663 31 18 so
3677 3653 131 39 strongly

2895 3696 112 37 against
3019 3694 47 27 the
3081 3692 172 38 proposition
3269 3702 30 19 as
3318 3694 67 33 they
3397 3692 137 34 appeared
3548 3697 28 21 to
3600 3699 41 19 me
3656 3690 52 28 last
3719 3699 65 27 year
3798 3702 9 22 ;

2896 3732 53 26 and
2963 3731 24 27 if
3006 3731 22 27 it
3039 3731 22 26 is
3074 3729 136 28 desirable
3222 3732 47 24 the
3293 3728 91 37 Usury
3398 3729 78 26 Laws
3490 3728 100 26 should
3605 3728 32 25 be
3650 3726 117 32 altered,
3785 3728 24 27 it

2896 3776 115 27 appears
3022 3771 27 20 to
3064 3775 43 17 me
3119 3764 57 27 this
3187 3764 24 26 is
3223 3772 28 18 as
3266 3764 161 26 favourable
3441 3771 34 19 an
3485 3763 181 34 opportunity
3683 3771 28 17 as
3723 3762 86 27 could

2898 3804 33 26 be
2962 3803 93 28 taken.
3092 3801 100 37 (Hear,
3220 3800 90 37 hear.)
3348 3798 9 28 I
3380 3808 43 19 sin
3445 3803 47 22 not
3520 3797 152 28 insensible
3696 3797 31 28 of
3746 3797 63 32 thee

2898 3846 96 24 nature
3017 3840 32 27 of
3069 3842 47 24 the
3129 3837 141 37 objection
3291 3836 90 28 which
3396 3844 64 28 may
3480 3835 33 27 be
3527 3834 86 33 urged
3627 3835 111 35 against
3751 3835 41 27 thi

2900 3878 184 37 proposition,
3098 3876 48 25 but
3161 3875 77 26 when
3255 3875 8 26 I
3276 3874 80 27 know
3380 3875 60 26 how
3459 3882 65 26 easy
3537 3872 21 30 it
3572 3873 24 27 is
3615 3876 27 24 to
3659 3872 85 28 evade
3763 3870 48 28 the

2898 3914 178 35 law—(hear,
3093 3912 137 35 hear)—it
3243 3912 64 26 does
3320 3919 100 28 appear
3445 3915 27 21 to
3485 3919 44 18 ms
3543 3919 14 15 a
3573 3918 63 26 very
3650 3908 162 27 favourable

2898 3951 182 38 opportunity
3094 3950 41 27 for
3150 3948 116 37 making
3285 3958 15 17 a
3320 3951 120 33 change,
3452 3947 53 26 and
3526 3946 9 27 I
3553 3945 71 28 shall
3638 3951 47 22 not
3705 3951 106 31 oppose

2901 3990 46 28 the
2962 3987 117 28 motion.

2939 4045 52 26 Mr.
3018 4039 256 31 CALCRAFT—I
3294 4039 35 27 do
3354 4044 48 21 not
3423 4038 81 26 think
3524 4037 54 27 this
3596 4045 14 19 a
3633 4036 28 27 fit
3694 4037 65 27 time
3778 4038 30 25 to

2902 4082 107 32 change
3030 4081 45 25 the
3093 4077 37 27 14.
3130 4077 25 27 v.
3195 4077 11 26 1
3229 4077 83 26 know
3331 4074 135 37 perfectly
3478 4074 58 25 well
3550 4072 72 30 that,
3635 4072 27 25 in
3679 4072 76 33 point
3772 4071 33 26 of

2903 4115 145 39 principle,
3069 4115 24 27 it
3113 4114 22 28 is
3158 4117 47 24 not
3224 4121 65 27 very
3302 4119 64 28 easy
3385 4114 28 22 to
3426 4107 99 28 defend
3539 4117 8 22 ;
3563 4109 50 26 but
3635 4108 27 26 in
3679 4108 76 34 point
3776 4107 34 27 of

2904 4153 129 37 practice,
3050 4149 12 28 I
3083 4149 37 27 do
3138 4159 59 27 say,
3210 4149 59 26 that
3283 4147 117 27 without
3418 4155 15 18 a
3444 4149 78 30 great
3539 4144 60 26 deal
3614 4152 73 19 more
3700 4143 32 27 of
3742 4152 50 18 con-

2903 4188 162 30 sideration,
3084 4187 24 26 it
3117 4186 24 27 is
3154 4195 15 17 a
3183 4193 65 26 very
3262 4182 155 35 dangerous
3429 4181 83 34 thing
3524 4185 28 24 to
3563 4180 69 27 alter
3647 4182 76 25 these
3733 4179 76 28 laws.

2906 4226 26 27 If
2941 4225 48 27 the
3001 4224 86 35 Right
3103 4221 72 27 Hon.
3188 4218 163 30 Gentlemen
3365 4218 81 28 think
3459 4217 60 27 that
3534 4217 79 26 when
3630 4218 45 24 the
3686 4215 105 26 Govern-

2903 4266 73 22 ment
2996 4270 46 17 are
3072 4263 77 28 great
3172 4256 155 28 borrowers
3356 4254 26 27 in
3397 4253 46 28 the
3457 4253 116 33 market,
3586 4252 22 27 it
3624 4252 21 27 is
3658 4251 85 35 likely
3754 4260 56 26 any

2903 4299 110 30 change
3031 4296 28 27 in
3074 4297 46 26 the
3133 4292 91 35 Usury
3239 4292 78 27 Laws
3330 4291 52 28 sill
3398 4291 81 35 bring
3491 4299 96 26 money
3598 4289 117 35 cheaper
3728 4292 26 21 to
3767 4287 28 26 in-

2903 4332 146 31 dividuals,
3066 4331 9 26 I
3092 4332 34 25 do
3141 4329 103 28 believe
3256 4330 65 34 they
3331 4337 47 17 are
3387 4326 119 35 entirely
3521 4325 144 28 mistaken,
3679 4324 53 26 and
3749 4324 59 25 that

2906 4369 45 27 the
2963 4368 79 26 effect
3056 4365 56 27 will
3133 4364 32 27 be
3184 4364 92 26 rather
3302 4369 27 21 to
3345 4363 69 26 raise
3433 4363 46 25 the
3511 4361 73 35 price
3598 4367 74 26 upon
3684 4358 105 26 Govern-

2906 4408 74 22 ment
2993 4403 67 26 than
3074 4407 28 22 to
3117 4398 100 30 benefit
3230 4397 167 28 individuals
3407 4403 26 20 to
3444 4397 46 26 the
3503 4400 91 24 extent
3607 4396 59 25 that
3678 4393 48 27 has
3741 4393 65 26 heel

2904 4439 87 35 urged
3005 4447 35 19 on
3052 4437 47 28 the
3112 4437 79 26 other
3202 4436 59 28 side
3274 4436 31 26 of
3311 4435 59 27 Attie
3390 4434 93 27 house.
3517 4430 157 28 Gentlemen
3687 4437 71 19 seem
3780 4434 27 21 to

2904 4476 80 28 think
3017 4475 61 26 that
3096 4474 71 27 after
3190 4474 56 27 this
3267 4469 169 31 individuals
3457 4467 57 30 will
3536 4470 31 25 be
3580 4467 137 38 protected
3733 4466 72 27 front

2906 4511 161 30 ruin—that
3087 4511 66 35 they
3171 4508 57 28 will
3242 4514 48 21 not
3309 4508 33 27 be
3361 4507 60 27 able
3441 4511 30 24 to
3493 4509 76 24 enter
3598 4508 58 22 into
3677 4501 60 27 that
3749 4507 60 21 sort

2906 4550 31 27 of
2952 4552 128 24 contract
3107 4547 131 34 affecting
3252 4546 48 27 the
3318 4545 126 27 interests
3462 4540 32 27 of
3510 4540 125 32 fit:allies,
3661 4538 105 28 similar
3778 4543 30 22 to

2906 4586 80 27 those
3004 4584 116 34 annuity
3131 4586 139 25 contracts
3294 4587 61 20 men
3369 4587 45 19 are
3428 4578 93 27 driven
3542 4583 28 22 to
3585 4574 85 28 under
3684 4573 123 35 peculiar

2906 4623 221 28 circumstances,
3141 4619 52 27 and
3208 4618 59 27 that
3280 4618 70 26 from
3370 4616 46 27 the
3443 4618 120 22 mautent
3592 4612 73 26 these
3683 4611 64 27 laws
3759 4618 47 20 are

2906 4657 137 38 changed,
3053 4658 78 26 there
3144 4656 57 27 will
3221 4655 34 28 be
3272 4662 34 19 an
3321 4651 52 28 end
3389 4658 27 20 to
3439 4651 35 27 all
3496 4650 112 27 ruinous
3626 4651 135 25 contracts
3777 4646 31 27 in

2906 4703 107 27 money.
3051 4694 26 28 It
3090 4694 24 27 is
3126 4691 103 37 utterly
3242 4688 157 38 impossible
3417 4693 27 22 to
3456 4685 103 28 believe
3572 4693 54 27 any
3633 4684 69 27 such
3717 4684 91 31 th:ez,

2906 4731 92 27 unless
3009 4739 56 28 you
3086 4737 47 18 are
3159 4734 26 20 to
3207 4726 132 37 regulate,
3369 4729 28 21 at
3415 4724 46 26 the
3487 4722 64 27 time
3563 4729 53 27 you
3630 4720 90 35 repeal
3733 4720 77 27 these

2906 4766 73 32 laws,
2996 4767 47 26 the
3053 4765 119 27 conduct
3184 4762 30 26 of
3230 4761 85 27 indivi
3319 4760 86 27 duals.
3444 4756 11 28 I
3468 4766 50 28 say
3526 4756 46 27 the
3583 4755 107 35 danger
3703 4755 92 27 attend-

2906 4801 50 37 ing
2968 4802 48 27 the
3035 4799 91 39 repeal
3141 4799 32 28 of
3187 4799 74 28 these
3287 4796 66 28 laws
3374 4794 56 28 will
3444 4794 43 32 be,
3501 4793 59 28 that
3573 4801 56 28 you
3644 4791 57 28 will
3720 4789 77 30 facili-

2906 4843 56 24 tate
2973 4840 47 26 the
3032 4834 159 39 borrowing
3209 4834 32 28 of
3250 4835 181 33 extravagant
3446 4839 115 35 persons
3580 4828 120 30 without
3710 4827 102 39 giving

2906 4884 54 28 any
2972 4873 54 30 real
3051 4873 155 34 advantage
3223 4877 28 22 to
3267 4871 47 28 the
3327 4869 106 37 steady,
3445 4866 180 32 industrious,
3638 4865 170 27 economical

2906 4917 60 28 part
2986 4911 32 27 of
3032 4911 48 26 the
3096 4907 178 35 community.
3309 4905 91 27 These
3424 4912 44 19 are
3482 4904 46 26 the
3541 4911 113 27 persons
3669 4910 38 18 we
3719 4899 92 35 ought

2906 4951 28 22 to
2957 4945 257 38 protect—because
3236 4943 22 27 it
3276 4943 24 26 is
3324 4945 50 22 out
3397 4938 33 28 of
3446 4944 96 20 nature
3561 4943 28 21 to
3609 4937 104 27 believe
3738 4936 72 30 that,

2906 4983 136 27 whatever
3061 4981 69 28 laws
3159 4988 57 28 you
3231 4988 51 27 pass
3282 4988 13 27 -
3304 4987 33 18 or
3350 4975 99 38 repeal,
3472 4974 74 30 there
3570 4972 57 28 will
3643 4977 46 22 not
3716 4970 33 27 be
3762 4978 31 19 ex-

2906 5023 164 32 travagaace
3094 5016 54 30 and
3181 5014 181 40 prodigality,
3391 5011 91 30 which
3511 5020 54 28 you
3591 5014 99 22 cannot
3719 5008 90 35 guard

2904 5056 118 35 against.
3061 5055 12 27 I
3094 5062 54 19 was
3163 5057 53 24 not
3223 5061 35 19 on
3274 5052 46 27 the
3332 5047 286 32 Committee.—(The
3630 5044 178 28 Honourable

2904 5093 164 28 Gentleman
3090 5099 56 19 was
3165 5089 64 27 here
3241 5088 57 27 told
3308 5087 60 27 that
3381 5086 35 27 he
3432 5083 125 37 was.)—l
3570 5092 53 18 was
3637 5089 78 27 sorry
3728 5080 11 28 I
3756 5089 54 19 was

2904 5138 31 19 so
2947 5127 148 34 unworthy
3113 5134 18 19 a
3150 5125 139 32 member;
3309 5122 12 28 I
3343 5130 81 21 never
3437 5119 138 30 attended.
3613 5119 9 26 I
3639 5118 69 27 have
3720 5125 34 19 no
3765 5125 31 18 oc-

2908 5165 96 27 casion
3027 5167 28 24 to
3073 5171 50 27 say
3133 5170 56 28 any
3201 5160 84 32 thing
3304 5166 76 20 more
3391 5157 86 28 about
3503 5156 46 28 the
3560 5153 163 30 Committer
3739 5154 66 25 than

2908 5200 60 27 that
2982 5199 9 27 I
3008 5199 70 26 bay.
3097 5196 64 30 read
3176 5197 45 26 the
3234 5194 141 31 evidence,
3403 5192 54 28 and
3471 5192 24 27 if
3511 5192 11 26 I
3544 5191 56 27 had
3613 5189 120 35 thought
3754 5189 56 28 this

2904 5237 100 27 debate
3017 5232 90 28 would
3120 5232 70 27 have
3209 5230 124 28 assumed
3357 5237 57 28 any
3431 5229 81 35 thing
3524 5226 33 28 of
3573 5226 46 27 the
3643 5225 104 27 serious
3768 5233 28 18 as-

2906 5277 60 33 pect
2979 5272 25 27 it
3017 5271 59 31 has,
3100 5269 12 27 I
3129 5268 93 28 would
3236 5268 69 27 have
3320 5265 124 37 brought
3463 5265 48 27 the
3529 5263 128 30 evidence
3669 5261 73 33 here,
3754 5261 56 30 and

2906 5310 12 26 I
2930 5309 54 27 will
2999 5310 113 25 venture
3124 5310 30 22 to
3165 5314 57 27 say,
3235 5303 22 27 it
3279 5303 90 27 would
3399 5308 47 21 not
3459 5302 65 27 bear
3542 5304 50 25 out
3604 5300 47 28 the
3671 5298 71 27 view
3761 5298 51 28 the

2903 5343 158 30 Gentlemen
3074 5342 69 26 have
3152 5342 92 26 taken.
3281 5340 92 28 Tbere
3386 5347 56 19 was
3449 5336 102 38 hardly
3563 5344 15 18 a
3592 5343 60 20 man
3664 5333 145 30 examiaed

2903 5386 30 22 at
2950 5381 46 26 the
3008 5378 231 30 Committee—at
3259 5375 92 28 which
3364 5375 24 26 it
3399 5382 85 19 seems
3498 5374 9 27 I
3521 5381 56 19 was
3588 5376 118 32 present,
3719 5370 47 28 but
3780 5369 32 28 of

2906 5415 89 28 which
3012 5415 11 26 I
3041 5414 69 27 have
3123 5421 37 20 no
3180 5409 281 31 recollection—who
3481 5409 90 28 stated
3591 5417 57 27 any
3664 5407 67 28 such
3745 5415 46 30 pro-

2903 5457 74 32 spect
3001 5451 31 28 of
3048 5450 156 37 advantage
3231 5450 71 28 from
3326 5447 47 28 the
3396 5447 115 37 change
3533 5445 32 28 of
3582 5444 56 30 this
3660 5448 99 25 system
3778 5450 31 19 as

2904 5486 92 28 would
3011 5492 117 22 warrant
3141 5497 32 19 us
3185 5492 30 21 to
3231 5486 116 27 embark
3373 5484 28 33 in
3430 5484 30 27 it.
3498 5481 83 32 Now,
3594 5481 54 30 Sir.
3669 5474 25 33 if
3709 5486 98 27 money

2894 5520 79 30 *were
2987 5528 48 24 not
3048 5523 144 35 generally
3206 5520 119 28 diffused
3343 5520 31 27 In
3387 5519 56 27 this
3450 5517 181 35 country—if
3640 5517 77 26 there
3726 5522 53 18 was
3788 5520 18 19 a

2902 5558 136 35 difficulty
3053 5559 28 26 in
3094 5568 53 28 any
3159 5557 170 39 speculation
3339 5555 31 30 of
3381 5564 53 27 any
3446 5559 59 22 sort
3519 5558 26 22 to
3557 5552 57 27 find
3622 5557 97 27 money
3731 5554 73 30 upon

2902 5595 162 28 reasonable
3078 5594 145 30 terms—if
3240 5603 39 19 we
3293 5602 72 19 were
3384 5589 128 38 cramped
3531 5590 30 26 in
3575 5589 47 26 the
3634 5584 126 28 diffusion
3774 5582 31 27 of

2903 5630 103 38 capital
3020 5630 35 38 by
3070 5631 65 30 laws
3146 5631 33 27 of
3193 5639 56 28 any
3260 5635 67 27 sort,
3350 5629 24 27 it
3386 5627 89 28 would
3494 5626 32 28 be
3539 5623 78 38 right
3628 5626 28 24 to
3670 5617 64 30 look
3742 5619 63 26 into

2902 5669 78 26 those
3002 5668 74 32 laws,
3100 5668 53 28 and
3175 5668 158 27 endeavour
3356 5665 89 31 either
3469 5668 33 25 to
3520 5660 124 37 regulate
3659 5665 32 19 or
3713 5653 89 37 repeat

2902 5705 74 26 them
2991 5714 6 21 ;
3018 5705 59 31 bur,
3089 5714 37 18 on
3141 5705 45 27 the
3197 5708 139 31 contrary,
3358 5701 77 27 when
3450 5695 100 39 capital
3568 5705 22 17 is
3609 5689 145 33 circulated
3768 5698 33 17 so

2902 5740 361 35 advantageously—when,
3283 5739 11 27 I
3318 5737 57 28 will
3387 5741 113 22 venture
3514 5738 27 20 to
3554 5738 58 27 say,
3626 5727 58 26 that
3694 5722 107 34 dosing

2902 5776 48 27 the
2969 5776 93 35 period
3076 5778 32 25 of
3113 5777 45 27 the
3168 5777 138 26 existence
3318 5773 31 27 of
3357 5771 156 30 theselaws,
3524 5766 77 27 there
3609 5764 22 25 is
3643 5763 158 31 sodouotry

2903 5817 46 21 not
2959 5820 69 19 even
3041 5812 118 28 Holland
3176 5812 83 32 itself,
3276 5810 61 28 that
3351 5810 50 27 lasi
3409 5802 137 33 Increased
3557 5800 26 26 in
3599 5794 97 30 wealth
3707 5793 31 27 is
3750 5793 41 31 Goa
3791 5793 14 31 t

2902 5850 162 33 proportion
3074 5849 56 28 this
3148 5855 118 28 ccuntry
3291 5845 59 32 ha*,
3363 5844 63 28 Ido
3441 5838 90 32 think,
3548 5832 81 39 nolo)
3634 5824 189 40 thiteetliner;r

2901 5884 46 32 the
2960 5884 220 37 principle—the
3195 5882 115 35 genera/
3326 5876 135 40 peisoiple
3472 5884 25 18 in
3500 5881 33 27 ay
3546 5871 33 26 be
3691 5870 64 25 bbia
3767 5869 12 28 1
3778 5869 24 28 9`

2902 5920 224 30 alteration—we
3141 5919 100 30 should
3263 5923 84 30 pause
3373 5914 53 26 and
3438 5908 125 28 consider
3576 5901 61 28 well
3652 5896 90 32 before
3757 5908 39 19 we

3914 3066 168 428 11
4082 3066 85 428 1

74 1331 20 24 of
107 1331 120 24 England,
239 1331 31 11 as
280 1331 189 14 orstingumneu

76 1352 156 34 prorreation
243 1350 47 25 and
305 1349 65 24 from
383 1346 43 25 the
436 1345 107 24 modern
555 1341 102 26 Church
676 1338 31 26 of
719 1338 92 25 Rome.
847 1332 104 26 Second

952 1368 4 5 •

77 1390 99 28 Edition,
190 1384 67 33 price
273 1383 50 24 10s.
334 1380 43 26 6d.
390 1378 27 26 in
431 1376 106 27 boards.

71 1468 52 27 This
132 1465 47 30 day
191 1461 24 24 is
227 1455 143 37 published.
381 1454 27 24 in
420 1453 44 25 six
476 1452 126 25 volumes.
617 1449 83 24 12mo.
722 1444 72 33 price
814 1443 32 25 U.
860 1443 53 24 Ms.
924 1440 27 25 in

320 1487 105 27 boards.
437 1493 15 17 a
465 1491 54 18 new
533 1482 106 26 Edition
652 1480 32 24 of

71 1530 259 83 PRACTICAL
352 1527 89 33 AND
459 1521 207 35 FAMILIAR
679 1514 209 37 SERMONS,
900 1513 37 32 de-

178 1574 89 33 signed
280 1573 40 25 for
332 1567 136 28 Parochial
480 1567 50 24 end
543 1563 132 27 Domestic
689 1559 167 27 Instruction.

252 1606 39 32 By
301 1605 43 26 the
356 1604 65 25 Rev.
433 1598 159 31 EDWARD
606 1593 154 30 COOPER,

74 1651 7 56 R
90 1651 7 56 1

96 1651 63 22 ector
168 1643 32 25 of
211 1638 137 30 !tomato'',
360 1638 133 26 Ridware,
503 1633 48 25 and
561 1631 39 31 fof
613 1629 111 28 Yoxall,
738 1628 27 24 io
787 1625 45 26 the
852 1623 103 32 Comity

107 1677 123 28 Staford;
247 1674 51 26 and
308 1672 52 32 lots
371 1670 100 26 Fellow
480 1668 31 25 of
524 1665 43 26 All
583 1662 79 28 Souls
679 1659 119 32 College,
809 1657 113 26 Oxford.

99 1730 99 28 Printed
211 1730 40 25 for
261 1727 35 26 T.
428 1723 27 26 in
468 1722 45 26 the
533 1717 96 28 Strand
639 1724 8 24 ;
661 1715 52 27 and
733 1714 45 26 W.
785 1710 170 31 Blackwood,

72 1762 154 31 Edinburgh.

165 1795 39 26 Of
219 1794 83 25 whom
314 1798 58 25 may
384 1788 57 26 also
452 1788 33 24 be
496 1786 61 28 had,
568 1783 35 31 by
615 1782 40 25 the
669 1787 71 18 same
752 1776 107 30 Author,

102 1831 22 25 1.
139 1830 141 27 Samson,
291 1825 91 31 chiefly
393 1821 124 32 designed
529 1822 27 20 to
567 1815 126 26 elucidate
705 1819 70 19 some
787 1809 32 26 of
831 1811 40 24 the
883 1807 58 26 lead-

70 1866 43 30 ing
126 1860 137 27 Doctrines
274 1859 30 26 of
317 1859 44 24 the
376 1854 99 32 Gospel
490 1860 8 22 ;
515 1856 27 21 to
554 1848 80 26 which
646 1854 44 19 are
700 1854 57 17 now
765 1844 92 27 added,
870 1843 85 24 Seven

70 1899 129 22 Sermons,
213 1893 125 33 preached
346 1898 37 18 on
394 1886 102 27 several
508 1880 243 38 publicoccasions;
763 1878 76 25 Sixth
847 1874 107 27 Edition

69 1933 17 24 2
94 1930 65 26 vols.
172 1930 79 24 12nso.
266 1925 70 33 price
350 1924 51 25 10s.
411 1922 25 25 in
448 1919 105 26 boards.

70 2008 64 27 This
142 2008 50 31 day
203 2006 22 24 is
235 2000 143 37 published.
391 1994 167 61 handboardssomely
568 2001 14 51 p
582 2001 28 51 ew
622 2023 92 27 Editio
587 2030 130 18 n
718 1984 5 71 o
723 1991 31 56 rinted
678 1990 26 25 in
715 1989 19 26 8
745 1988 66 26 yob.
821 1987 60 27 livo.
888 1984 71 34 price

253 2035 35 26 31.
302 2034 46 24 IBs.
366 2031 25 24 in
507 2047 7 11 ,
526 2035 15 17 •
555 2022 215 30 nf

74 2079 117 70 THE
223 2070 191 35 HISTORY
436 2069 43 43 (of
507 2066 189 34 ANCIENT
720 2061 180 34 GREECE,
922 2060 37 30 its

149 2117 120 26 Colonies
279 2113 50 26 and
341 2113 154 30 Conquests.
528 2109 61 25 Part
602 2107 20 25 I.
641 2106 78 25 From
742 2105 44 24 the
801 2101 107 25 earliest
918 2106 40 18 ac.

78 2157 85 24 meets,
172 2150 39 24 till
228 2148 43 24 the
283 2145 133 27 Divisions
438 2144 30 24 of
481 2141 44 25 the
546 2139 172 26 Macedonian
741 2135 109 31 Empire
870 2133 26 25 in
918 2132 43 25 the

78 2190 65 25 East,
152 2181 125 27 includiug
288 2180 43 24 the
343 2178 110 30 History
463 2176 31 25 of
509 2173 152 26 Literature,
674 2169 169 31 Philosophy,
856 2165 50 26 and
918 2166 43 24 the

78 2223 56 25 trine
144 2217 63 25 Arts.
239 2215 71 24 Part.
332 2211 37 26 H.
387 2207 159 31 Embracing
569 2205 43 25 the
625 2204 110 30 History
746 2202 32 25 of
791 2202 44 25 the
850 2199 111 25 Ancient

77 2251 89 28 World,
181 2250 63 24 from
250 2246 44 24 the
307 2243 138 26 Dominion
455 2243 31 22 of
498 2241 148 24 Alexander
656 2239 28 21 to
703 2237 54 24 that
769 2235 30 24 of
815 2233 143 30 Augustus,

74 2285 53 22 with
137 2290 13 17 a
159 2282 96 28 Survey
263 2278 30 24 of
301 2276 145 33 preceding.
451 2272 119 30 Periods,
576 2270 52 25 and
639 2276 15 18 a
665 2267 180 27 continuation
862 2265 31 25 of
907 2265 43 24 the

77 2317 97 30 llistory
184 2313 30 25 of
227 2313 63 22 Arts
306 2309 48 25 and
369 2308 111 25 Letters.

174 2347 40 30 By
224 2341 94 28 JOHN
331 2339 155 30 GILLIES,
500 2335 99 27 L.L.D.
617 2334 99 27 F.R.S.
728 2333 47 26 &c.
793 2330 51 27 &c.

190 2374 230 32 Historiographer
429 2376 26 20 to
465 2370 41 26 his
520 2368 115 32 Majesty
646 2368 41 25 for
698 2366 133 26 Scotland.

102 2415 57 24 Part
168 2413 18 24 2
195 2418 56 21 may
262 2409 32 24 be
302 2407 48 25 had
364 2404 156 34 separately,
531 2402 71 32 price
609 2401 87 26 21.25.
707 2400 26 25 in
746 2400 107 24 boards.

103 2445 96 27 Printed
211 2444 39 25 for
260 2441 38 26 T.
305 2439 100 31 Cadet!,
426 2439 27 25 in
465 2438 43 25 the
529 2435 93 25 Strand
634 2443 7 22 ;
658 2432 63 34 and:
730 2432 46 26 W.
785 2427 174 31 Blackwood,

77 2476 148 32 F.diabargb.
