4169 6177
69 2541 13 33 K

376 341 136 35 COURT
529 340 52 28 OF
604 335 130 33 KING'S
752 324 314 37 BENCH.—MoNDAT.

64 5735 44 135 itlt

424 381 26 91 d
450 381 27 91 p
477 381 27 91 i

341 435 79 41 [so
485 433 96 28 before
596 430 46 30 the
651 428 96 27 Ouse
757 415 351 38 Jusuce,Westminster.]

579 480 97 26 BYRNE
694 478 26 19 V.
736 471 142 24 TAMES.

311 528 58 28 Mr.
381 527 177 28 Pas-Tensors
569 515 104 43 opened
686 513 47 28 the
746 509 152 38 pleadings.
935 507 71 31 This
1024 507 105 32 action,
1148 506 35 30 he

278 565 71 31 said,
361 560 191 34 was'bronght
565 561 27 21 to
605 557 107 21 recover
720 546 103 28 several
831 554 74 19 sums
915 544 32 27 of
957 554 98 27 money
1063 544 122 27 received

278 601 39 34 by
330 600 47 27 the
386 596 145 28 defendant
542 591 43 26 for
598 587 46 27 the
654 582 144 39 ptaintiff's
815 578 58 37 use,
888 581 89 28 which
990 581 35 27 he
1036 579 110 30 refused
1157 583 28 22 to

278 645 66 30 pay.
380 633 60 28 The
451 630 130 32 damages
589 630 69 20 were
672 619 54 30 laid
737 622 28 31 et
777 617 73 31 SOU

317 671 32 28 M
389 670 136 27 CLIARLBS
542 659 141 30 PHMLIPS
696 656 87 27 stated
796 654 48 27 the
872 661 70 20 case.
979 650 43 31 He
1035 651 91 35 began
1152 650 38 35 by

282 705 152 31 lamenting

445 702 60 25 that
517 696 35 27 be
570 693 99 27 should
684 693 69 27 have
780 700 17 18 a
807 699 63 20 case
887 690 58 27 like
958 689 48 26 the
1019 691 112 28 present
1161 690 30 22 to

283 746 72 25 state
364 736 107 37 against
481 739 54 26 any
547 738 73 19 man.
656 728 63 27 The
729 726 152 27 defendant
895 725 53 26 had
961 722 85 34 lately
1059 720 76 26 filled
1144 720 46 26 the

285 776 79 30 office
376 772 32 26 of
418 767 76 31 High
508 764 105 28 Sheriff
619 763 31 28 of
659 762 128 30 London.
802 761 56 28 and
885 768 54 18 was
951 767 31 18 so
997 755 61 28 well
1089 756 102 26 known

285 814 61 28 that
359 814 48 22 not
418 811 28 21 to
459 804 81 27 know
557 801 52 28 Mr.
622 798 163 30 Ex-Sheriff
796 796 115 30 Parkins
922 793 87 27 would
1023 798 86 27 argue
1131 790 59 27 that

286 856 54 20 one
348 848 72 24 must
431 842 32 26 be
483 837 111 28 Mine&
601 837 152 27 unknown.
793 834 41 28 He
844 841 54 20 was
906 831 102 27 known
1020 833 28 22 to
1062 827 34 28 be
1107 836 15 18 a
1131 834 64 20 man

286 883 64 27 who
361 876 144 31 interested
522 873 113 28 himself
661 873 28 27 in
704 872 45 27 the
761 870 90 27 affairs
857 869 32 26 of
896 868 100 26 almost
1023 870 81 27 every
1116 865 80 25 other

288 924 63 24 man
364 917 31 26 in
407 914 46 28 the
462 909 181 35 community.
677 907 63 28 The
762 904 124 39 plaintiff
895 909 53 20 was
961 899 111 38 equally
1098 898 98 28 known

291 956 45 27 for
344 952 45 27 his
402 947 178 31 misfortunes
593 956 9 24 ;
617 945 39 28 be
681 943 46 28 did
741 948 51 21 not
804 940 67 28 wish
883 943 27 24 to
938 935 91 28 allude
1042 943 76 19 more
1130 932 66 27 than

291 998 61 20 was
366 994 144 27 necessary
523 989 28 24 to
561 992 17 20 a
589 980 167 32 transaction
768 977 69 30 from
850 973 98 31 which,
972 971 38 28 all
1020 971 61 27 who
1096 969 48 27 felt
1157 966 41 28 for

292 1026 51 30 the
353 1025 110 28 honour
475 1022 31 30 of
515 1030 51 20 our
578 1028 129 20 common
719 1020 94 24 nature
824 1015 72 26 omit
907 1015 61 22 turn
981 1007 67 27 with
1062 1004 138 37 loathing.

295 1064 60 28 But
383 1062 45 27 his
439 1059 86 27 client
539 1057 54 27 had
617 1056 109 27 become
737 1054 102 26 known
852 1046 44 28 for
915 1045 41 27 his
970 1043 148 32 sufferings
1146 1041 53 27 and

296 1098 189 30 misfortunes.
524 1093 41 27 He
578 1091 73 27 filled
679 1097 35 19 an
726 1084 112 30 bumble
850 1082 131 28 situation
993 1080 28 27 in
1041 1077 117 28 Ireland,
1170 1076 30 26 in

296 1136 93 28 which
402 1135 34 24 he
448 1131 110 26 became
567 1127 102 26 known
677 1129 30 21 to
715 1131 15 18 a
737 1126 99 32 person
846 1119 64 26 who
922 1115 52 28 had
983 1114 83 35 lately
1072 1111 51 28 fled
1133 1111 70 27 from

299 1170 58 28 this
366 1170 125 26 country.
529 1163 26 26 It
568 1162 107 27 became
689 1159 46 25 the
746 1157 71 33 duty
826 1152 32 30 of
869 1152 90 35 Byrne
969 1155 28 22 to
1006 1150 58 26 God
1077 1148 54 28 and
1141 1154 63 19 man

301 1212 31 24 to
345 1211 94 24 accuse
451 1201 60 28 that
524 1196 69 35 high
607 1202 98 31 person
731 1192 33 28 of
787 1198 34 19 an
834 1188 102 28 offence
948 1191 30 22 at
994 1185 91 28 which
1111 1187 93 22 nature

302 1240 143 34 shudders.
485 1235 92 37 Byrne
605 1241 56 19 was
673 1238 67 31 poor
780 1226 50 28 the
846 1224 103 38 culprit
959 1222 35 27 he
1010 1218 116 32 accused
1150 1226 56 20 was

302 1276 132 32 rich—be
449 1281 56 18 was
516 1280 17 19 a
563 1269 115 37 Bishop.
732 1248 27 45 it
772 1272 53 19 was
852 1260 122 37 thought
984 1266 102 31 proper
1109 1256 38 35 by
1160 1256 47 26 the

302 1315 106 33 Bishop
420 1310 53 28 and
485 1307 43 31 his
540 1306 106 28 friends
669 1303 61 30 that
741 1302 35 27 be
789 1298 98 30 should
900 1302 142 32 prosecute
1055 1294 94 37 Byrne
1168 1292 40 27 for

304 1350 100 35 daring
417 1354 27 19 to
456 1354 96 19 accuse
563 1343 70 30 him,
660 1339 54 27 and
724 1339 61 26 that
809 1333 107 30 exalted
930 1341 109 31 person,
1068 1341 30 18 as
1107 1330 35 27 he
1155 1337 54 18 was

304 1388 66 26 then
383 1385 31 26 in
426 1382 78 28 office
515 1380 54 27 and
583 1376 93 39 public
689 1372 165 31 estimation,
870 1369 116 30 attested
994 1377 37 19 on
1044 1367 45 27 the
1101 1364 109 38 gospels

304 1423 32 27 of
345 1420 87 32 truth,
445 1419 59 28 that
515 1416 35 28 he
562 1424 54 19 was
628 1411 97 37 falsely
737 1408 116 31 accused
867 1407 37 38 by
921 1403 223 41 Byrne—Byrne
1157 1409 53 19 was

302 1456 156 30 convicted,
485 1453 54 30 and
552 1449 115 30 suffered
679 1459 15 17 a
705 1444 125 30 dreadful
842 1444 185 35 punishment.
1065 1441 26 27 it
1106 1436 105 39 pleased

306 1493 63 27 God
383 1496 28 22 to
425 1489 85 27 afford
522 1494 28 21 to
560 1487 57 28 this
627 1482 117 30 afflicted
754 1489 64 19 man
830 1482 47 25 the
887 1479 170 27 consolation
1069 1478 31 26 of
1113 1474 86 27 believ-

307 1530 54 39 ing
371 1528 63 27 that
445 1526 34 27 he
491 1532 53 20 was
557 1527 48 22 not
619 1527 28 21 to
658 1528 38 28 go
707 1519 81 26 down
811 1521 30 21 to
853 1517 44 26 his
909 1522 85 26 grave
1007 1515 46 25 the
1067 1511 91 28 victim
1183 1508 32 27 of

306 1561 196 40 perjury—his
530 1563 111 25 accuser
674 1554 54 28 had
755 1553 67 28 been
849 1551 124 30 detected
994 1551 26 25 in
1044 1548 41 27 his
1106 1546 106 35 guilt—

308 1602 37 27 he
356 1600 52 27 had
422 1597 63 31 fled,
496 1596 54 28 and
566 1594 90 37 Byrne
667 1600 56 20 was
735 1589 119 30 restored
865 1593 28 22 to
902 1589 47 26 the
958 1587 143 27 character
1114 1585 33 25 he
1161 1581 53 27 had

311 1644 84 22 never
407 1636 71 25 done
489 1641 53 27 any
555 1631 84 34 thing
650 1633 32 22 to
696 1626 103 27 forfeit.
835 1625 61 27 The
906 1629 76 28 story
991 1622 31 27 of
1035 1620 113 35 Byrne's
1162 1619 41 26 suf-

311 1672 109 43 ferings
432 1668 137 37 naturally
578 1663 107 32 excited
706 1665 47 26 the
770 1659 237 31 commisseration
1020 1656 28 27 of
1061 1656 46 28 the
1121 1655 97 38 people

312 1709 33 30 of
351 1709 57 27 this
418 1710 126 31 country.

348 1744 61 28 The
416 1744 56 26 Gni
477 1749 34 20 se
522 1741 126 27 JUSTICE
661 1737 63 27 here
733 1734 85 30 asked
831 1733 54 27 Mr.
893 1730 128 37 Phillips,
1033 1728 124 28 whether
1170 1727 48 30 the

314 1791 80 19 cause
405 1779 92 38 might
509 1782 48 21 not
570 1778 33 26 be
613 1770 231 38 advantageously
859 1767 98 28 settled
979 1773 48 21 out
1038 1765 33 28 of
1087 1765 100 27 court?

352 1830 56 28 Mr.
420 1828 52 27 Pm
480 1834 80 20 wins
572 1822 113 38 replied,
703 1821 61 27 that
775 1819 44 27 his
830 1817 178 28 instructions
1019 1813 126 39 required
1160 1813 61 27 that

315 1866 48 30 the
376 1874 81 20 cause
468 1861 102 31 should
581 1858 120 38 proceed.
738 1856 60 28 The
809 1853 120 28 Learned
941 1851 164 28 Gentleman
1133 1850 76 28 conti-

315 1902 137 32 nued—A
467 1898 182 37 subscription
661 1904 53 19 was
728 1898 41 22 set
782 1902 37 19 on
829 1891 59 28 foot
901 1894 28 25 to
940 1889 99 30 enable
1055 1887 165 39 Byrne,who

315 1941 57 27 bad
385 1939 69 27 been
467 1936 98 30 ruined
586 1935 37 37 by
635 1933 46 26 the
700 1931 69 27 false
788 1928 159 31 accusation
967 1926 124 35 brought
1111 1925 110 37 against

315 1977 70 31 biro,
404 1981 28 22 to
445 1977 113 32 support
570 1971 45 27 his
628 1969 60 28 wife
700 1967 53 28 and
767 1974 83 20 seven
862 1963 136 30 children.
1036 1962 56 30 Mr.
1106 1962 116 28 Parkins

318 2021 57 18 saw
387 2011 46 27 the
445 2007 182 38 subscription
640 2002 229 35 advancing—he
880 2001 123 33 thought
1016 2008 98 27 money
1127 2008 53 18 was
1194 2006 27 20 to

317 2048 35 28 be
365 2047 80 27 made
457 2046 35 37 by
506 2044 33 31 it,
557 2042 53 28 and
632 2042 33 27 Ile
681 2037 170 30 determined
865 2042 28 22 to
905 2037 73 26 seize
990 2036 48 27 the
1051 2035 102 35 golden
1176 2043 31 27 op-

318 2083 154 39 portunity.
509 2080 40 30 He
560 2083 83 24 wrote
656 2083 27 21 to
693 2076 91 37 Byrne
795 2079 31 25 to
834 2082 76 20 come
919 2081 65 20 over
996 2078 28 24 to
1030 2072 57 28 this
1097 2076 125 32 country,

318 2121 156 39 promising
485 2118 58 30 him
559 2117 61 27 that
632 2115 44 27 his
687 2113 109 30 fortune
808 2109 90 30 would
919 2111 34 28 be
970 2109 115 30 certain.
1124 2109 98 35 Byrne,

318 2156 144 39 delighted
474 2156 66 28 with
552 2154 48 27 the
611 2151 141 32 flattering
761 2153 136 33 prospect,
912 2148 53 27 lost
977 2157 37 19 no
1024 2147 67 28 time
1104 2146 27 28 in
1152 2156 57 18 cool-

320 2196 53 35 ing
403 2202 73 22 over,
496 2191 80 28 when
598 2190 37 27 he
656 2189 85 26 found
761 2186 47 27 the
831 2184 161 30 Ex-Sheriff
1002 2184 52 28 had
1078 2181 145 37 appointed

321 2230 115 30 himself
451 2229 145 28 Treasurer
611 2230 28 24 to
657 2225 46 27 the
715 2220 194 38 subscription,
926 2220 52 27 and
992 2220 54 27 had
1072 2220 84 26 taken
1179 2219 45 27 the

322 2267 110 30 trouble
451 2267 33 26 of
506 2262 137 37 receiving
656 2259 47 30 the
715 2267 110 28 money,
843 2258 48 27 but
911 2267 69 26 poor
1004 2257 91 35 Byrne
1106 2255 47 28 did
1176 2258 48 24 not

325 2306 66 27 then
402 2306 109 33 suspect
523 2301 59 26 that
594 2298 22 27 it
631 2307 52 19 was
694 2301 50 24 not
764 2294 47 30 the
829 2293 187 30 Es-Sheriff's
1038 2293 135 27 intention
1196 2296 28 22 to

325 2339 139 30 disburse.
502 2335 129 35 Nothing
644 2333 80 27 could
738 2334 97 25 exceed
852 2330 113 35 Byrne's
981 2329 143 37 gratitude
1135 2334 30 21 to
1181 2327 44 28 his

326 2375 169 30 benefactor,
513 2373 63 27 who
588 2369 133 45 promised
737 2368 56 27 him
813 2376 18 19 a
850 2367 111 35 flowing
973 2365 184 35 subscription
1170 2374 7 22 ;
1196 2369 30 21 to

327 2417 41 24 set
381 2412 58 27 him
450 2419 35 28 up
498 2409 28 27 in
541 2407 142 32 business;
702 2409 28 24 to
752 2404 61 28 take
831 2411 18 19 a
867 2404 86 26 house
972 2402 43 27 for
1032 2402 73 31 him;
1124 2405 27 24 to
1165 2408 46 27 pur-

328 2448 79 28 chase
418 2447 83 28 coach
514 2445 53 30 and
579 2445 92 26 horses
681 2443 41 27 for
736 2440 58 28 him
804 2450 7 22 ;
830 2439 27 28 in
872 2439 86 33 short,
977 2444 30 24 to
1028 2438 79 28 make
1117 2437 43 28 his
1173 2435 40 28 for-

330 2490 76 22 tune.
445 2483 91 37 Byrne
547 2481 54 28 and
614 2479 47 28 the
676 2476 161 32 Ex-Sheriff
852 2485 71 18 were
935 2481 28 20 at
976 2476 59 27 that
1046 2476 65 27 time
1124 2479 54 22 two
1198 2473 32 27 of

330 2522 47 27 the
403 2520 125 43 happiest
550 2516 119 30 mortals.
709 2515 90 37 Byrne
811 2520 54 20 was
883 2518 30 22 to
926 2517 48 32 get
987 2520 109 26 money,
1113 2511 53 27 and
1180 2510 46 27 the

330 2555 163 31 Ex-Sheriff
498 2559 30 24 to
539 2559 46 33 get
604 2554 150 28 character,
776 2549 90 28 which
876 2557 53 19 was
939 2546 130 38 precisely
1080 2546 71 27 what
1161 2546 65 35 they

327 2594 67 27 both
406 2593 112 26 wanted.
557 2590 8 27 I
574 2598 15 18 n
604 2589 45 27 the
661 2588 79 26 midst
748 2585 32 27 of
785 2585 37 27 all
835 2585 47 26 the
896 2584 180 27 Ex-Sheriff's
1097 2583 130 35 promises

330 2636 30 20 to
374 2630 99 35 Byrne;
481 2628 35 25 he
529 2626 52 27 had
604 2634 33 18 an
650 2633 48 27 eye
710 2629 28 20 to
754 2622 72 28 what
837 2622 34 26 he
883 2630 83 18 never
983 2620 103 35 forgets
1097 2619 113 27 himself
1219 2627 8 22 ;

330 2666 35 27 be
378 2665 54 27 bad
442 2674 17 18 a
470 2665 93 28 house,
575 2660 190 31 coach-house,
784 2657 54 27 and
852 2656 103 27 stables
969 2661 26 22 to
1004 2656 47 31 let,
1063 2656 54 26 and
1129 2655 35 26 lie
1178 2659 47 32 put

330 2701 94 40 Byrne
436 2701 52 27 and
502 2699 45 27 his
560 2696 96 35 family
667 2701 27 21 to
710 2695 54 26 live
788 2694 30 27 in
842 2693 46 27 the
907 2693 87 26 house
1016 2693 53 26 and
1097 2691 72 27 shew
1182 2692 46 25 the

327 2739 137 37 premises,
480 2735 34 37 by
527 2733 90 28 which
628 2733 33 27 he
676 2740 52 17 was
742 2730 80 28 saved
839 2730 45 26 the
904 2737 117 28 expence
1031 2727 28 28 of
1080 2727 120 35 keeping
1212 2735 17 18 a

328 2784 96 24 person
444 2773 41 28 for
497 2772 60 28 that
578 2777 124 30 purpose.
742 2766 70 28 Poor
837 2766 91 35 Byrne
943 2774 54 17 was
1015 2764 65 37 glad
1101 2770 30 22 to
1153 2767 48 32 get
1212 2772 17 17 a

327 2811 63 28 roof
398 2819 63 20 over
480 2809 43 27 his
531 2807 80 31 head,
622 2805 53 27 and
690 2812 56 20 was
758 2803 73 35 truly
844 2802 123 35 grateful
987 2802 41 27 for
1046 2802 44 27 his
1103 2799 120 38 patron's

328 2852 79 32 great
433 2845 138 27 kindness.
604 2842 67 27 The
685 2838 163 30 Ex-Sheriff
867 2838 148 35 proceeded
1033 2838 28 27 in
1076 2838 17 27 h
1096 2846 22 19 is
1136 2844 93 20 career

327 2884 31 26 of
372 2878 250 32 benevolence—be
640 2875 154 31 advertised
817 2875 44 27 for
876 2874 203 35 subscriptions
1093 2874 43 27 for
1162 2881 67 34 poor

327 2919 93 37 Byrne
430 2919 28 26 in
468 2916 38 28 all
519 2916 46 28 the
583 2911 241 38 newspapers—he
846 2915 51 32 got
915 2919 37 26 up
976 2910 94 35 public
1093 2913 137 31 meetings

328 2956 54 27 and
396 2954 92 37 public
498 2952 118 32 dinners,
628 2949 87 28 where
735 2949 35 26 he
783 2956 57 19 was
861 2946 94 30 forced
971 2954 27 20 to
1011 2946 63 27 take
1083 2946 47 27 the
1143 2944 87 32 chair,

330 3001 65 26 very
409 2991 83 27 much
511 2988 110 34 against
634 2986 43 27 his
690 2983 69 33 will,
771 2983 54 27 and
848 2992 66 19 even
930 2989 71 20 most
1019 2981 168 35 reluctantly
1201 2985 28 24 to

330 3033 70 22 toast
413 3027 41 27 his
467 3033 60 20 own
540 3022 105 33 health,
657 3020 54 28 and
731 3019 80 30 make
823 3019 125 39 speeches
961 3020 28 27 in
1003 3018 44 28 his
1056 3027 61 19 own
1131 3026 98 26 praise.

330 3065 46 27 He
393 3069 43 22 ate
446 3061 44 28 till
502 3069 81 28 every
595 3067 53 20 one
661 3057 119 37 thought
793 3057 35 27 he
848 3065 54 19 was
922 3056 61 32 full,
1005 3056 53 27 and
1081 3054 84 38 spoke
1188 3053 43 28 till

330 3109 81 28 every
429 3107 54 19 one
506 3107 56 18 was
583 3094 150 28 convinced
765 3094 34 26 lie
829 3102 54 19 was
912 3097 103 32 empty.
1057 3091 41 37 (A
1122 3090 111 35 laugh.)

328 3137 92 34 Every
441 3135 54 37 day
508 3132 122 35 brought
648 3130 143 30 additions
814 3133 30 22 to
855 3129 47 28 the
922 3128 69 28 fame
1003 3128 32 27 of
1046 3129 47 27 the
1109 3126 105 28 Ex-She-

328 3172 54 31 riff.
396 3172 44 26 till
451 3171 47 27 the
511 3169 64 28 fatal
589 3169 53 34 day
653 3167 89 27 which
763 3165 87 27 called
863 3172 37 20 on
913 3165 57 26 him
994 3169 28 22 to
1033 3161 210 32 account—the•

333 3206 158 31 Est-Sberiff
500 3215 54 18 was
576 3202 163 38 acquainted
761 3201 66 27 with
850 3201 47 28 the
921 3198 168 30 drama—he
1115 3198 120 33 thought

330 3244 63 27 that
431 3252 71 19 none
548 3243 48 26 but
630 3239 87 28 slaves
756 3237 100 27 should
899 3244 63 30 pay.
1017 3236 94 35 Byrne
1150 3235 84 27 asked

328 3281 70 32 him,
431 3279 53 28 had
519 3278 35 28 be
583 3280 47 24 not
669 3274 120 30 received
826 3273 44 28 for
896 3274 77 28 him?
1026 3272 61 30 The
1110 3272 107 27 Ex-She-

330 3317 47 30 riff
390 3317 59 28 said
472 3325 59 28 yes,
557 3315 48 27 hut
631 3313 33 27 he
684 3312 63 28 held
775 3312 30 26 in
826 3315 72 24 trust
922 3309 44 28 for
984 3309 47 28 the
1052 3309 106 39 people,
1179 3309 53 26 and

328 3356 79 27 when
420 3356 46 26 the
485 3361 59 19 sum
559 3352 110 27 became
681 3359 15 18 a
720 3347 91 30 round
834 3356 53 20 one
901 3347 34 28 he
959 3346 91 30 would
1070 3346 56 37 boy
1147 3345 59 30 Irish

328 3392 85 27 coach
425 3402 8 21 ;
455 3390 91 31 Byrne
559 3389 69 32 said,
646 3386 24 28 if
685 3387 35 26 be
732 3394 56 19 was
800 3389 31 24 to
852 3384 65 28 wait
937 3384 44 27 till
1005 3383 78 32 then,
1102 3384 24 26 it
1147 3392 56 18 was
1220 3392 15 17 a

327 3429 99 26 hearse
439 3420 59 33 he'd
511 3426 69 26 have
598 3423 128 28 occasion
745 3423 53 30 for,
810 3430 28 19 as
849 3420 34 26 he
896 3420 99 27 should
1007 3420 47 26 die
1067 3420 32 26 of
1116 3420 119 31 hunger.

359 3463 61 28 You
433 3467 120 24 monster
562 3461 32 27 of
820 3456 151 28 exclaimed
1002 3455 48 28 the
1069 3454 167 32 Ex-Sheriff,

363 3500 39 27 do
416 3508 54 27 you
480 3497 91 37 isrget
583 3497 47 28 the
643 3494 307 37 twopence-halfpenny
964 3493 12 27 I
991 3501 70 27 gave
1075 3501 52 26 you
1148 3490 30 28 in
1191 3493 46 26 the

511 3534 61 27 And
583 3534 77 31 here,
672 3530 59 28 said
745 3531 46 27 the
800 3529 122 30 Learned
933 3529 172 32 Gentleman,
1119 3527 117 38 holding

332 3582 39 26 sip
383 3582 15 18 a
412 3580 89 28 paper,
513 3572 25 27 is
547 3570 46 27 the
605 3567 307 37 twopence-halfpenny
921 3566 123 37 charged
1067 3566 30 27 in
1111 3565 46 27 the
1183 3565 54 27 Ex-

333 3609 126 27 Sheriff's
483 3606 206 35 account.—(A
729 3604 178 38 laugh.)-1t
930 3612 53 18 was
1006 3602 158 37 impossible
1196 3601 44 28 fer

334 3647 93 35 Byrne
441 3650 28 22 to
482 3645 96 26 obtain
591 3651 54 30 any
666 3643 104 37 justice
795 3641 69 27 from
889 3640 46 28 the
948 3639 171 32 Ex-Sheriff,
1139 3638 52 28 and
1207 3639 33 27 be

334 3692 56 19 was
399 3680 116 28 enabled
529 3680 34 37 by
578 3680 78 27 those
669 3678 61 28 who
756 3678 53 28 hail
828 3678 92 28 hearts
943 3680 28 25 to
996 3676 51 28 feel
1069 3676 43 27 for
1126 3676 44 27 his
1185 3676 44 28 dis-

335 3725 71 21 tress
418 3718 53 28 and
495 3718 44 26 his
555 3716 126 38 injuries,
706 3720 30 20 to
757 3715 84 35 bring
874 3715 47 26 the
952 3717 110 32 present
1095 3712 90 28 action
1211 3717 31 22 to

337 3755 109 35 compel
458 3754 116 26 Parkins
604 3757 28 22 to
654 3755 100 24 restore
768 3751 46 26 the
828 3759 98 26 money
948 3749 66 27 with
1029 3746 90 28 which
1140 3749 34 25 he
1187 3757 56 17 was

341 3789 150 30 entrusted.
531 3787 81 27 What
624 3785 89 27 would
726 3785 48 26 the
787 3785 72 28 Jury
867 3787 54 25 and
931 3785 47 26 the
989 3784 94 34 public
1090 3783 81 27 think
1180 3784 32 26 of
1230 3793 14 17 a

337 3835 65 20 man
415 3826 60 27 who
494 3822 81 30 could
585 3823 63 27 take
656 3822 154 34 advantage
817 3816 33 33 of
857 3821 162 27 misfortune
1041 3819 58 28 like
1119 3819 125 37 Byrne's,

338 3865 64 26 who
428 3860 83 31 could
536 3859 80 27 make
634 3857 57 28 this
707 3857 161 27 misfortune
887 3857 54 26 and
964 3856 47 27 the
1026 3855 107 28 charity
1146 3854 33 28 of
1195 3854 47 28 the

338 3899 96 38 public
458 3899 105 37 pander
587 3901 30 22 to
637 3895 44 27 his
703 3894 109 28 avarice
836 3893 54 28 and
917 3893 44 28 his
979 3893 94 37 vanity
1087 3892 13 28 ?
1159 3891 87 28 When

339 3935 118 30 Parkins
470 3943 53 19 was
533 3933 110 37 pressed
656 3937 27 22 to
696 3930 97 30 render
803 3939 35 19 an
849 3934 126 27 account,
994 3930 53 26 and
1059 3935 54 20 saw
1129 3928 22 27 it
1165 3927 81 28 could

341 3979 51 22 not
406 3973 33 27 be
452 3969 125 38 delayed,
593 3969 35 27 he
648 3967 136 37 produced
796 3976 35 19 an
853 3972 118 22 account
989 3966 32 26 of
1041 3966 43 26 nis
1103 3964 130 28 disburse-

343 4013 91 24 ments
446 4016 66 28 very
530 4006 128 28 different
667 4006 70 26 from
750 4003 48 30 the
810 4007 41 25 set
861 4003 41 30 off
920 4003 34 28 be
973 4011 61 19 now
1046 4000 162 30 undertakes
1220 4005 27 22 to

341 4055 96 27 prove,
446 4043 138 35 although
600 4043 76 26 there
690 4041 51 27 has
754 4041 69 27 been
836 4049 34 19 no
883 4041 165 37 subsequent
1057 4038 185 28 transactions

343 4082 124 28 between
475 4080 47 28 the
528 4080 107 38 parties.
660 4077 46 28 No
712 4076 86 30 doubt
811 4077 43 28 his
867 4078 138 34 Attorney
1016 4074 54 30 had
1078 4072 112 30 advised
1201 4074 47 28 the

344 4116 201 33 alteratiou,for
556 4124 74 19 some
643 4114 32 28 of
681 4114 48 27 the
741 4114 117 37 charges
870 4122 70 19 were
952 4119 46 22 too
1005 4111 135 28 shameful
1154 4111 43 27 for
1202 4110 46 27 the

345 4155 164 28 conscience
522 4152 32 27 of
565 4160 54 19 any
632 4155 128 30 attorney
780 4154 27 22 to
820 4149 149 28 sanction.
969 4149 51 28 One
1028 4148 32 27 of
1070 4148 48 27 the
1131 4147 117 35 charges

341 4192 80 28 made
444 4189 109 35 against
574 4187 94 37 Byrne
681 4185 94 38 byjthe
797 4185 159 28 Ea-Sheriff
977 4194 57 18 was
1058 4183 39 28 SI.
1120 4183 57 27 125.
1199 4183 44 26 fur

345 4226 169 40 publishing
528 4233 15 18 a
563 4224 143 38 pamphlet
718 4227 28 22 to
756 4222 137 26 vindicate
905 4222 44 26 his
958 4230 63 19 own
1038 4220 150 28 character.
1226 4219 28 28 If

343 4267 50 26 the
411 4261 142 39 pamphlet
579 4258 137 37 produced
735 4258 61 28 that
819 4258 87 32 effect,
926 4259 22 26 it
961 4267 54 18 was
1030 4257 138 37 certainly
1182 4265 65 20 very

344 4302 87 35 cheap
441 4305 32 30 (a
493 4297 100 37 laugh)
606 4297 48 27 but
669 4294 61 27 that
746 4303 54 19 was
814 4304 37 17 no
863 4303 93 18 reason
971 4302 69 27 poor
1051 4293 91 35 Byrne
1150 4286 99 34 should

344 4344 66 30 pay.
445 4333 63 27 The
527 4330 164 31 Ex-Sheriff
699 4330 93 37 might
809 4330 81 26 make
909 4329 43 27 his
984 4329 76 26 mind
1085 4337 65 26 easy
1168 4329 83 25 aboat

348 4372 46 28 his
406 4371 152 31 character,
574 4369 43 27 for
628 4367 21 28 it
670 4375 56 20 was
746 4365 136 38 certainly
904 4365 47 26 the
965 4363 52 30 last
1041 4364 83 38 thing
1135 4372 53 28 any
1201 4372 53 18 one

348 4409 92 30 would
455 4407 69 30 wish
539 4411 28 24 to
578 4406 65 28 take
657 4404 72 27 from
743 4402 57 30 him
811 4401 170 39 (laughter).
1015 4401 63 28 The
1085 4410 67 28 jury
1165 4398 89 30 would

345 4446 92 38 judge
461 4444 33 28 of
513 4444 48 27 the
583 4442 124 37 charges.
754 4439 120 30 Parkins
896 4439 105 37 having
1018 4439 105 26 elected
1146 4436 112 28 himself

347 4483 162 30 Treasurer,
523 4478 118 39 paraded
657 4486 69 28 poor
746 4476 93 37 Byrne
857 4475 72 28 from
948 4480 94 22 tavern
1056 4480 30 22 to
1097 4479 98 24 tavern
1211 4474 45 27 for

344 4521 51 33 the
407 4517 185 38 gratification
604 4517 34 26 of
656 4514 44 28 his
728 4517 104 32 vanity,
857 4511 56 30 and
934 4511 58 27 this
1015 4518 57 20 was
1094 4519 54 18 one
1160 4509 32 27 of
1212 4509 44 27 his

350 4564 113 21 reasons
475 4554 45 27 for
531 4552 128 37 refusieg
667 4556 31 22 to

710 4558 14 35 .
724 4558 45 35 pay
781 4548 96 37 Byrne
889 4547 43 28 his
952 4556 106 26 money.
1096 4546 145 28 Advertise-

351 4594 92 26 ments
455 4598 71 19 ware
539 4587 146 38 published
710 4594 30 19 in
759 4594 81 26 every
865 4592 96 28 paper,
981 4581 53 28 and
1055 4581 46 28 the
1126 4590 80 20 name
1230 4581 28 26 of

351 4626 129 30 Parkins.
500 4624 47 28 the
567 4624 89 28 friend
667 4622 33 27 of
710 4620 105 39 justice
837 4620 54 26 and
911 4618 128 35 !lawsuits
1038 4618 14 35 ,
1052 4618 14 35 .
1080 4617 53 31 and
1157 4618 99 34 Byrne.

352 4671 60 21 was
429 4658 149 40 placarded
589 4667 37 20 oa
637 4667 84 27 every
741 4656 76 31 wall.
849 4655 41 28 He
900 4654 66 28 beat
976 4654 72 28 little
1059 4651 200 35 Wssldingtoo,

354 4698 57 28 and
422 4706 69 22 even
504 4696 63 35 Day
579 4695 56 30 and
656 4693 116 33 Martin,
785 4691 54 30 and
861 4693 47 27 the
931 4690 149 32 Bonassus,
1098 4694 50 22 out
1159 4689 32 26 of
1212 4688 46 27 the

356 4733 65 31 field
430 4731 98 38 (much
543 4730 155 37 laughter).
736 4729 45 35 By
801 4730 77 26 these
891 4735 104 24 means,
1012 4726 43 28 for
1072 4724 39 30 all
1122 4726 33 26 of
1168 4723 91 28 which

358 4772 38 26 be
406 4769 119 35 charged
539 4775 66 28 poor
615 4766 103 38 Byrne,
729 4767 50 26 the
793 4763 163 31 Ex-Sheriff
965 4772 31 19 so
1015 4761 110 38 greatly
1130 4760 91 30 added
1231 4766 30 24 to

359 4807 46 27 his
416 4804 145 37 celebrity,
572 4804 61 26 that
647 4804 34 26 be
700 4809 54 22 was
765 4806 48 22 not
831 4809 66 26 very
909 4800 50 31 far.
971 4800 31 26 in
1012 4798 44 30 his
1068 4806 61 19 own
1139 4796 124 37 opinion,

359 4843 73 27 from
452 4840 86 34 being
552 4837 128 28 returned
692 4847 17 17 a
722 4835 123 28 Member
857 4835 33 26 of
899 4835 178 30 Parliament,
1098 4833 54 27 and
1174 4832 54 27 had
1248 4841 17 17 a

360 4885 67 27 very
438 4881 106 21 narrow
555 4881 98 28 escape
665 4873 31 27 of
703 4881 15 18 a
732 4871 106 28 French
854 4870 120 37 Peerage
985 4867 167 38 (continued
1166 4867 83 37 laugh-

361 4913 65 34 ter).
467 4911 43 28 He
531 4909 54 28 bad
606 4915 50 31 put
676 4907 116 28 himself
810 4905 119 30 forward
951 4915 31 19 as
1000 4905 47 28 the
1061 4903 156 38 Champion
1237 4903 32 27 of

361 4948 157 37 humanity,
531 4944 53 30 and
596 4944 92 28 drank
698 4944 69 37 deep
774 4943 32 30 of
816 4944 47 27 the
872 4951 53 28 cup
943 4941 33 30 of
985 4941 169 38 popularity,
1166 4938 44 28 for
1228 4938 39 30 all

363 4984 94 27 which
475 4984 35 26 be
526 4981 102 28 wishes
640 4988 67 28 poor
720 4980 93 37 Byrne
831 4984 30 21 to
874 4987 61 27 pay.
976 4978 40 27 He
1032 4978 119 33 charges
1169 4976 30 26 in
1222 4974 45 28 his

366 5019 93 28 set-off
469 5019 52 26 121.
536 5016 57 28 18s.
612 5015 44 28 for
669 5014 90 31 clerks
770 5015 37 27 be
826 5014 56 28 had
895 5014 92 27 before
1005 5013 35 27 he
1052 5020 65 20 ever
1135 5010 83 28 beard
1237 5011 33 27 of

365 5055 168 35 Byrne—he
552 5052 93 37 might
661 5060 32 19 as
712 5050 60 27 well
785 5050 102 38 charge
909 5050 58 27 him
980 5049 43 27 for
1042 5048 44 28 his
1107 5047 106 33 horses,
1225 5046 44 30 for

369 5092 46 27 his
428 5091 116 28 liveries,
553 5096 33 19 or
598 5089 43 26 for
653 5088 48 35 the
711 5095 119 28 expence
842 5086 33 28 of
881 5086 44 28 his
945 5083 125 31 Arundel
1089 5083 130 32 Petition,
1238 5091 32 19 or

370 5135 57 26 any
438 5127 78 26 other
531 5124 136 37 notoriety
680 5119 60 39 trap
744 5143 6 7 .
787 5122 31 27 If
826 5122 45 28 the
883 5130 98 28 money
994 5130 54 20 was
1061 5120 38 28 all
1111 5119 115 30 turned
1226 5118 28 28 in-

369 5169 32 21 to
412 5161 84 32 brass,
508 5161 22 26 it
549 5157 87 30 would
651 5164 47 20 not
706 5158 80 37 equal
798 5159 47 27 the
865 5158 76 28 brass
950 5158 33 27 of
993 5157 47 28 the
1051 5165 61 19 man
1123 5157 60 27 that
1192 5154 79 27 made

370 5198 51 27 the
441 5197 112 35 charge.
592 5194 56 26 Bet
669 5194 48 26 the
737 5199 67 22 next
824 5194 104 33 charge
937 5192 105 37 capped
1065 5192 51 28 the
1133 5191 103 28 climax
1235 5203 38 8 —

372 5231 100 35 Would
487 5232 65 34 they
565 5229 105 30 believe
689 5229 60 28 that
765 5230 46 27 the
826 5229 45 28 Es
878 5228 111 30 Sheriff
1000 5228 122 37 actually
1143 5226 125 34 charged

370 5268 110 37 Byrne,
488 5267 47 27 the
552 5270 124 22 creature
685 5265 32 27 of
732 5265 94 35 public
839 5265 119 35 charity,
969 5263 57 30 541.
1039 5269 69 28 rent,
1116 5268 30 24 at
1157 5265 46 26 the
1217 5267 58 22 rate

372 5304 35 28 of
416 5302 70 30 1041.
497 5311 17 20 a
524 5309 66 30 year
601 5301 44 28 for
661 5302 50 27 the
722 5301 87 27 hones)
826 5302 37 27 be
880 5306 50 32 put
943 5301 59 27 him
1013 5306 27 22 to
1054 5298 52 30 live
1117 5300 31 27 in
1170 5298 41 28 for
1232 5297 44 28 his

372 5348 66 21 own
457 5337 185 31 convenience
653 5336 14 28 ?
686 5336 54 28 and
765 5337 35 27 be
819 5344 64 20 now
905 5336 69 28 calls
986 5344 74 28 upon
1085 5336 46 28 the
1150 5335 73 38 Jury
1247 5339 30 21 to

373 5376 129 30 sanction
527 5374 65 28 that
621 5373 105 37 charge
762 5373 39 37 by
829 5373 73 28 their
931 5373 120 32 verdict;
1080 5372 66 35 they
1174 5368 102 31 should

372 5413 135 30 consider
555 5411 47 27 the
646 5408 81 28 erect
771 5409 69 27 each
878 5418 18 18 a
930 5408 105 27 verdict
1070 5407 92 28 would
1211 5407 69 28 have

373 5459 41 21 on
458 5450 47 28 the
542 5445 125 32 national
703 5448 96 25 accent
811 5453 9 25 ;
865 5444 26 30 if
922 5444 25 28 it
981 5451 71 20 were
1087 5448 30 22 to
1162 5453 39 27 go
1247 5448 30 20 to

374 5486 80 30 Cork
489 5484 56 28 sod
578 5481 156 38 Tipperary
769 5480 64 28 that
868 5480 93 35 Bryne
997 5489 57 19 was
1091 5479 64 28 able
1178 5484 31 24 to
1226 5489 53 26 pay

376 5532 19 20 a
413 5519 69 32 rest
482 5520 44 28 .of
548 5518 73 28 1041.
632 5526 18 18 a
671 5525 65 28 year
759 5517 44 27 for
817 5524 17 18 a
846 5515 96 32 house,
965 5515 54 27 and
1038 5515 37 37 by
1087 5515 48 27 the
1155 5519 64 22 next
1232 5515 50 26 fair

372 5559 87 33 wind,
469 5559 65 37 they
543 5554 92 30 would
648 5554 72 28 have
729 5552 66 31 sods
810 5550 96 37 flights
917 5550 33 28 of
956 5550 137 27 Irishmen
1102 5559 30 18 as
1144 5550 91 27 would
1250 5551 34 26 be

373 5596 142 31 sufficient
536 5600 31 22 to
592 5589 150 31 nattwalise
759 5589 50 28 the
831 5587 73 28 Irish
927 5593 105 31 tongue
1044 5585 28 27 in
1087 5585 57 27 this
1155 5590 126 33 country.

371 5631 174 43 Ilmighter.)
575 5629 63 32 The
658 5623 300 33 Learned•Dentleman
972 5626 63 26 here
1048 5622 61 28 read
1122 5623 47 28 the
1178 5623 106 35 charge

374 5672 46 28 foe
433 5674 66 25 rose
510 5669 73 28 fawn
596 5666 47 30 the
654 5662 99 33 set-off,
776 5663 53 26 and
842 5661 96 30 asked,
991 5667 56 19 was
1059 5667 65 19 ever
1136 5668 53 27 any
1201 5659 81 37 thing

374 5705 196 34 soshamolose
595 5701 58 30 and
919 5695 105 35 Byrne,
1046 5694 64 26 who
1137 5694 53 26 lied
1209 5701 47 20 not
1269 5704 18 19 a

377 5743 70 30 shoe
457 5745 30 26 to
496 5743 48 32 pis,
552 5743 70 31 foot,
635 5735 61 31 Oho
711 5741 56 21 was
780 5738 50 24 not
837 5731 63 30 able
915 5735 30 24 to
957 5731 71 35 keep
1039 5738 17 18 a
1067 5734 57 26 cat,
1144 5738 56 18 was
1209 5734 30 21 to
1254 5731 33 26 he

377 5777 124 39 charged
511 5783 61 25 sent
586 5778 43 28 for
641 5784 17 19 a
669 5771 187 31 coach-house
867 5767 54 28 and
933 5774 53 20 two
997 5770 54 24 sets
1064 5765 33 27 of
1104 5764 118 33 stables;
1240 5765 47 28 did

376 5819 26 27 it
413 5820 51 25 net
485 5820 92 32 damp
599 5809 180 43 reprobation
802 5815 37 20 on
853 5806 48 27 the
914 5802 91 31 whole
1023 5800 110 30 set-off?
1169 5800 119 30 Parkins

378 5854 83 27 knew
469 5852 63 27 that
544 5852 94 37 Byrne
650 5857 57 21 was
719 5856 15 18 a
746 5844 98 30 ruined
857 5841 162 31 man--that
1033 5838 33 28 he
1076 5838 53 28 bad
1140 5846 18 18 a
1163 5837 61 27 wife
1233 5841 56 26 and

381 5897 80 20 seven
472 5889 129 28 children
617 5888 27 27 in
658 5895 18 21 a
693 5882 128 37 starving
834 5877 155 33 condition,
1010 5874 67 32 with
1096 5872 120 38 nothlog
1241 5872 50 31 bat

94 0 20 20 i~

1851 202 113 41 THE
2011 188 331 56 STATESMAN

1205 324 44 27 his
1260 326 73 22 tears
1348 320 54 27 and
1417 317 178 28 misfortunes
1609 311 44 27 for
1665 309 73 28 their
1752 307 115 35 support
1877 312 9 21 ;
1907 301 65 32 and,
1985 302 83 27 while
2082 301 37 26 he

1208 367 53 18 was
1270 358 30 26 in
1310 356 57 27 this
1378 360 79 22 state,
1483 347 118 30 Parkins
1623 344 109 30 wanted
1746 343 46 27 the
1805 340 72 33 Jury
1891 343 30 22 to
1942 335 103 28 believe
2057 337 60 27 that

1208 394 35 26 he
1256 391 69 28 took
1339 391 57 26 him
1406 399 32 18 as
1449 397 15 18 a
1478 385 106 27 solvent
1603 385 107 26 tenant,
1729 384 28 22 at
1766 387 17 18 a
1795 380 60 21 rent
1873 372 33 28 of
1925 372 70 27 104/.
2019 379 103 28 a-year.

1211 428 41 31 He
1263 428 72 37 (Mr.
1359 422 133 38 Phillips)
1524 416 54 31 had
1603 425 63 18 seen
1688 422 83 26 many
1782 419 73 20 cases
1876 407 32 27 of
1923 407 131 37 injustice
2067 405 53 30 and

1212 465 90 31 fraud,
1312 462 48 30 but
1370 462 22 26 it
1406 468 56 19 was
1470 458 43 27 for
1526 455 47 27 the
1590 450 162 31 Ex-Sheriff
1763 454 28 22 to
1805 446 64 38 give
1881 443 46 30 the
1948 442 125 38 example
2091 446 28 24 to

1213 501 96 31 wealth
1320 498 132 37 pilfering
1465 494 67 27 from
1546 489 113 35 charity
1672 487 56 27 and
1742 484 175 28 misfortune,
1931 478 80 27 while
2027 480 80 27 boast-

1214 542 50 28 ing
1276 537 32 26 of
1317 536 84 31 being
1420 534 47 24 the
1479 526 146 33 champion
1648 524 32 26 of
1698 521 111 37 injured
1833 519 158 27 innocence.
2031 515 92 37 Byrne

1217 572 107 34 bought
1338 570 34 26 he
1383 567 52 28 had
1450 570 51 21 met
1509 563 67 27 with
1591 569 17 18 a
1620 557 73 32 good
1708 559 66 25 Sam
1785 555 103 30 aritan,
1902 553 50 26 but
1962 552 35 26 all
2009 552 46 27 the
2068 552 56 27 Ex-

1222 605 126 31 Sheriff's
1362 601 164 38 professions
1541 604 71 19 were
1625 594 51 28 but
1687 594 48 25 the
1747 592 67 27 false
1822 591 64 26 dice
1899 587 67 27 with
1985 587 91 25 which
2092 586 34 25 he

1220 641 126 37 gambled
1361 640 43 26 for
1416 633 165 43 popularity,
1610 630 54 27 and
1685 627 72 28 after
1768 628 35 26 he
1821 624 53 28 bad
1894 620 130 30 obtained
2039 622 32 30 it,
2091 620 35 27 he

1220 676 123 33 charged
1357 676 93 33 Byrne
1465 671 64 26 with
1544 663 38 32 all
1594 667 47 27 the
1654 670 60 22 cost
1724 664 31 26 of
1774 664 48 26 the
1835 659 182 38 acquisition,
2039 656 52 28 and
2112 665 15 18 a

1222 712 83 37 profit
1315 712 44 25 for
1372 706 117 30 himself.
1528 705 26 26 It
1577 702 91 26 would
1695 700 33 26 be
1749 697 99 37 proved
1874 697 59 26 that
1946 694 118 26 Parkins
2083 692 31 27 ad-

1222 746 96 30 mitted
1332 746 34 25 lie
1380 743 52 27 had
1444 738 119 30 received
1577 736 72 28 300/.
1661 735 45 26 for
1720 733 102 34 Byrne.
1840 731 71 27 after
1924 729 89 26 which
2036 728 34 25 he
2089 735 27 18 re-

1222 782 94 30 ceived
1339 780 37 28 5/.
1388 778 70 27 from
1480 776 47 26 Sir
1551 771 115 28 Francis
1689 769 126 28 Burdett.
1853 767 44 33 By
1910 765 44 27 his
1972 761 98 32 set-off,
2094 761 35 27 be

1224 828 72 30 says,
1306 817 34 27 he
1354 811 142 32 disbursed
1508 809 35 30 all
1556 820 7 24 ;
1584 813 50 25 but
1645 807 21 27 it
1680 804 91 30 would
1782 804 34 27 be
1830 801 102 38 proved
1943 800 64 30 that
2016 798 33 27 he
2060 806 70 27 gave

1227 866 28 18 as
1269 865 15 17 a
1296 860 97 21 reason
1406 852 40 26 for
1462 854 47 21 not
1519 846 107 37 paying
1641 843 102 34 Byrne,
1753 841 63 26 that
1822 839 25 28 if
1857 840 34 26 lie
1905 842 48 31 got
1963 837 48 26 the
2023 841 110 30 money,

1228 893 33 25 he
1276 887 89 30 would
1383 885 126 27 abandon
1520 881 48 28 his
1581 878 104 37 family,
1696 878 65 26 thus
1770 876 106 34 adding
1883 874 112 27 slander
2007 876 28 20 to
2048 869 71 35 injus-

1230 927 59 26 tice.
1328 922 43 27 Ile
1384 920 90 35 hoped
1496 918 46 27 the
1560 917 73 33 Jury
1646 912 100 31 would,
1770 911 38 37 by
1827 912 72 26 their
1920 908 115 27 verdict,
2055 906 78 25 show

1230 961 61 28 that
1302 960 67 34 they
1382 965 70 19 were
1465 959 48 22 not
1521 958 28 22 to
1563 953 34 28 be
1607 948 126 38 imposed
1744 956 73 28 upon
1834 946 35 35 by
1880 945 48 28 the
1941 941 93 31 set-off
2042 941 31 27 of
2085 941 48 27 the

1233 993 169 33 Ex-Sheriff,
1422 993 60 27 that
1513 989 70 30 their
1612 985 107 30 verdict
1734 981 90 31 would
1850 981 65 27 take
1928 981 70 26 from
2011 977 58 30 him
2088 977 47 28 the

1231 1033 94 35 public
1339 1039 99 27 money
1452 1028 65 28 with
1534 1023 91 31 which
1654 1023 34 28 be
1711 1030 58 19 was
1781 1018 152 31 entrusted,
1959 1015 91 30 which
2067 1019 70 22 trust

1232 1071 35 26 he
1281 1068 52 28 had
1346 1065 115 32 abused,
1482 1063 52 30 and
1548 1061 92 28 would
1661 1059 69 34 give
1742 1062 28 22 to
1783 1057 48 28 the
1845 1064 69 27 poor
1920 1062 69 19 man
2004 1054 73 27 what
2091 1052 47 27 the

1233 1106 93 35 public
1338 1102 184 28 benevolence
1535 1096 132 30 intended
1685 1096 32 25 he
1730 1093 104 27 should
1851 1091 116 30 receive,
1978 1089 53 27 and
2048 1087 91 30 would

1234 1142 73 26 shew
1320 1144 28 21 to
1363 1139 48 31 all,
1436 1139 61 26 that
1525 1136 30 27 in
1572 1131 57 30 this
1652 1135 118 30 country
1783 1129 142 27 character
1946 1126 24 26 is
1989 1126 66 35 only
2066 1131 30 20 to
2109 1124 33 26 be

1240 1175 87 28 raised
1342 1183 35 19 on
1393 1174 45 27 the
1447 1173 79 26 bases
1538 1169 32 28 of
1579 1169 110 26 honour
1701 1166 53 26 and
1770 1162 196 35 virtue.—[On
1977 1161 45 27 the
2034 1160 93 30 conclu-

1235 1213 61 28 sion
1309 1211 32 28 of
1348 1211 58 27 this
1417 1208 111 38 speech,
1543 1217 15 19 a
1566 1205 79 28 burst
1657 1202 32 27 of
1698 1200 132 38 applause
1843 1199 67 27 took
1920 1196 102 39 place.]

1271 1247 116 30 Charles
1398 1247 80 28 Scott
1491 1240 143 32 examined
1645 1240 35 37 by
1704 1238 53 28 Mr.
1775 1234 189 38 Battesby.—l
1982 1243 53 19 was
2046 1234 30 27 in
2099 1233 47 28 the

1237 1285 185 37 employment
1434 1283 31 28 of
1475 1281 53 27 Mr.
1543 1278 128 30 Parkins,
1681 1276 53 28 and
1754 1274 51 27 left
1822 1273 58 27 bins
1902 1272 45 27 for
1965 1279 77 19 some
2069 1270 66 28 time

1239 1324 50 27 but
1307 1320 126 28 returned
1444 1320 30 26 in
1483 1316 130 34 October,
1628 1313 69 28 1822
1706 1323 9 24 ;
1734 1311 11 28 1
1766 1311 56 28 had
1835 1310 66 27 then
1915 1317 18 19 a
1951 1307 191 27 conversation

1241 1359 64 26 with
1319 1358 57 26 him
1394 1356 86 28 about
1499 1354 103 35 Byrne.
1641 1350 54 27 Mr.
1719 1348 117 28 Parkins
1854 1346 53 26 and
1933 1344 48 27 the
2010 1343 123 37 subscrip-

1239 1395 59 28 tion
1319 1394 40 27 for
1374 1393 93 37 Byrne
1488 1398 54 19 was
1556 1389 90 37 going
1668 1394 37 19 on
1726 1381 195 31 wonderfully,
1944 1380 35 26 he
2004 1380 53 26 hail
2078 1380 66 26 then

1243 1430 123 28 received
1393 1429 85 28 about
1495 1427 78 27 three
1594 1422 126 31 hundred
1746 1420 122 38 pounds;
1886 1411 46 33 Sir
1951 1415 113 30 Francis
2082 1415 51 28 Bur-

1243 1470 58 24 dett
1313 1466 69 27 after
1406 1465 63 26 that
1480 1462 63 35 paid
1557 1470 17 18 a
1584 1457 185 37 subscription
1795 1457 31 26 of
1843 1456 52 26 five
1917 1455 123 33 pounds;
2062 1452 8 26 I
2100 1452 40 26 fre-

1244 1502 116 37 quently
1372 1500 71 27 after
1456 1507 56 18 saw
1528 1496 90 35 Byrne
1632 1494 53 27 and
1706 1493 116 27 Parkins
1844 1491 136 38 together,
1990 1488 28 27 in
2043 1488 66 27 Jan.
2122 1496 31 17 or

1246 1538 141 34 February
1403 1535 76 27 1823.
1518 1533 92 35 Byrne
1623 1528 154 30 demanded
1802 1530 47 26 the
1876 1534 98 27 money
1994 1524 71 28 from
2091 1522 48 27 Per-

1246 1576 72 31 kins,
1332 1573 60 28 who
1407 1569 103 40 replied
1522 1570 63 27 that
1603 1569 34 26 he
1649 1565 90 30 would
1752 1564 110 37 dispose
1871 1561 33 28 of
1913 1563 21 27 it
1945 1571 30 18 as
1985 1561 33 27 he
2029 1561 123 33 thought

1247 1610 170 37 proper—he
1430 1607 79 27 could
1524 1606 98 26 obtain
1637 1605 44 27 for
1702 1602 57 30 him
1773 1610 15 18 a
1802 1599 115 28 Pimlico
1936 1603 87 28 stage.
2061 1596 94 37 Byrne

1247 1648 58 27 said
1320 1646 34 26 he
1367 1643 105 30 wanted
1491 1643 45 26 the
1548 1650 97 27 money
1659 1645 27 21 to
1711 1636 132 31 establish
1869 1645 14 17 a
1897 1633 204 37 public-house.
2140 1631 9 26 I

1248 1691 81 20 never
1349 1680 84 30 heard
1446 1678 120 28 Parkins
1579 1685 48 21 say
1638 1676 60 28 that
1719 1675 91 43 Byrne
1826 1680 56 19 was
1904 1669 128 30 indebted
2048 1674 30 21 to
2089 1667 66 27 him.

1248 1719 131 30 Lemoine
1401 1726 51 19 was
1465 1715 78 28 clerk
1558 1720 28 21 to
1602 1707 115 34 Parkins
1741 1719 31 20 in
1791 1707 169 32 November,
1975 1706 66 27 1822
2078 1706 78 26 there

1252 1765 71 19 were
1342 1755 60 34 fifty
1415 1762 31 18 or
1459 1752 73 39 sixty
1552 1749 106 30 British
1672 1746 144 30 Traveller
1843 1752 171 28 newspapers
2034 1739 123 38 brought

1250 1796 28 21 to
1298 1792 47 26 the
1363 1789 85 31 office,
1469 1791 53 25 and
1546 1791 60 22 sent
1630 1791 28 21 to
1680 1783 46 27 the
1744 1785 119 32 country
1881 1783 28 22 to
1936 1780 52 25 Mr.
2019 1775 138 28 Parkins's

1250 1827 122 32 friends;
1389 1826 66 27 they
1474 1821 144 30 contained
1628 1830 33 19 an
1680 1822 116 25 account
1804 1817 32 27 of
1850 1817 46 25 the
1915 1814 98 27 dinner
2031 1813 84 34 given
2130 1817 28 20 at

1251 1865 47 27 the
1312 1863 93 28 Horns
1417 1856 119 38 Tavern,
1546 1859 53 28 and
1615 1869 15 17 a
1643 1856 80 28 mark
1744 1863 52 19 was
1817 1851 78 28 made
1906 1859 34 19 on
1955 1850 66 27 each
2036 1856 81 28 paper
2130 1853 27 21 to

1251 1902 87 28 direct
1350 1900 47 27 the
1406 1898 135 28 attention
1554 1902 27 21 to
1594 1896 28 26 it.
1663 1893 9 27 I
1689 1902 54 18 was
1754 1897 27 22 at
1795 1890 47 27 the
1861 1887 98 28 dinner
1971 1898 7 22 ;
1996 1887 74 26 there
2087 1893 69 19 were

1250 1948 18 19 a
1279 1942 77 33 great
1367 1935 113 28 number
1499 1933 31 27 of
1547 1941 112 28 persons
1671 1933 117 33 present.

1287 1975 60 27 The
1367 1972 111 27 witness
1504 1980 52 18 was
1581 1962 233 34 cross-examined
1835 1961 38 37 by
1902 1959 56 28 Mr.
1978 1958 181 32 MATMTATT,

1252 2011 52 27 and
1331 2009 89 28 stated
1459 2008 60 26 that
1554 2014 34 18 an
1620 2007 119 24 account
1769 2009 56 17 was
1857 1998 66 33 kept
1951 1997 31 26 of
2016 1995 47 26 the
2096 1997 47 24 sub-

1252 2046 146 38 scriptions
1419 2040 131 33 received,
1581 2040 50 26 but
1663 2039 34 26 he
1735 2035 48 27 did
1817 2039 50 22 not
1902 2033 81 27 know
2015 2031 63 26 that
2104 2039 54 27 any

1254 2092 54 19 was
1328 2082 65 35 kept
1415 2079 33 28 of
1476 2078 46 28 the
1561 2074 229 30 disbursements.
1840 2070 43 26 Ile
1907 2068 48 28 did
1989 2072 48 24 not
2078 2066 81 28 think

1254 2120 53 28 Mr.
1320 2118 119 30 Cobbett
1462 2114 65 28 took
1539 2122 56 28 any
1616 2117 64 32 part
1700 2109 30 27 in
1752 2107 159 37 promoting
1933 2109 46 25 the
2009 2105 107 27 dinner.

1289 2156 54 28 Mr.
1359 2153 118 28 William
1488 2151 118 28 Cobbett
1612 2147 145 30 examined
1770 2147 35 34 by
1817 2146 52 27 Mr.
1880 2144 53 28 Put
1939 2151 79 19 LLIPS
2059 2143 9 26 I
2079 2141 83 27 know

1256 2193 52 27 Mr.
1322 2191 130 31 Parkins,
1470 2189 53 26 and
1539 2189 71 26 have
1623 2184 53 30 had
1695 2181 102 30 several
1807 2181 201 27 conversations
2021 2178 67 28 with
2104 2178 58 27 him

1254 2237 34 19 on
1312 2229 46 26 the
1378 2226 107 37 subject
1502 2224 32 28 of
1544 2233 17 18 a
1573 2220 185 37 subscription
1773 2219 44 27 for
1832 2218 100 37 Byrne.
1972 2216 11 27 I
1998 2215 53 28 had
2066 2223 52 18 one
2131 2215 30 26 in

1254 2267 74 35 Sept.
1349 2263 77 31 1822,
1446 2261 92 30 before
1564 2259 94 37 Byrne
1683 2256 105 28 arrived
1811 2255 28 28 in
1867 2251 139 39 England.
2044 2250 119 28 Parkins

1254 2303 58 26 said
1325 2302 33 27 be
1370 2300 54 28 had
1439 2298 109 28 written
1560 2302 27 22 to
1603 2294 112 32 Dublin.
1734 2293 53 26 and
1807 2291 132 37 proposed
1954 2298 27 19 to
2004 2288 65 27 send
2094 2285 70 28 1001.

1256 2344 27 21 to
1294 2346 74 19 some
1390 2343 158 27 newspaper
1566 2331 106 28 editors
1689 2330 79 26 there
1780 2329 44 27 for
1840 2328 100 37 Byrne.
1980 2326 12 26 I
2019 2323 145 38 expressed

1256 2383 46 26 my
1315 2373 118 37 surprise
1452 2370 33 27 he
1498 2370 32 26 lia
1530 2370 11 26 ,
1540 2370 12 26 l
1577 2373 51 30 got
1648 2376 32 17 so
1698 2365 81 28 much
1792 2375 9 21 ;
1821 2365 34 26 he
1876 2363 60 27 said
1962 2362 35 26 he
2019 2361 53 27 bad
2099 2359 66 28 then

1254 2409 85 30 about
1354 2409 70 27 1501.
1461 2405 119 39 Earlyin
1594 2405 48 26 the
1662 2402 96 27 month
1769 2401 32 27 of
1811 2400 72 27 Nov.
1907 2398 81 32 1822,
2017 2396 9 27 I
2042 2405 56 18 saw
2111 2395 57 27 Mr.

1258 2447 125 28 Parkins.
1402 2444 53 30 and
1467 2443 125 39 inquired
1605 2441 61 27 how
1680 2439 93 35 Byrne
1783 2435 169 28 maintained
1965 2432 129 30 himself?
2111 2432 53 27 and

1257 2485 64 28 then
1333 2481 60 28 told
1415 2480 119 28 Parkins
1552 2479 13 27 I
1580 2477 53 30 had
1646 2486 17 18 a
1676 2473 90 28 friend
1788 2474 28 27 in
1835 2474 47 26 the
1899 2476 130 30 country,
2048 2469 91 27 where
2154 2466 9 27 I

1256 2520 83 27 could
1362 2518 78 37 place
1455 2517 100 35 Byrne,
1576 2513 91 27 where
1680 2510 44 28 his
1735 2517 135 30 expences
1883 2507 91 27 would
1994 2507 33 26 be
2041 2513 66 27 very
2121 2503 35 28 lit-

1257 2557 45 31 tle,
1322 2557 53 26 and
1388 2554 11 28 I
1416 2552 90 28 would
1515 2559 53 27 pay
1580 2551 21 26 it
1611 2554 50 22 out
1672 2546 32 28 of
1714 2555 44 25 my
1769 2545 109 38 pocket.
1917 2543 53 27 Mr.
1985 2541 118 28 Parkins
2121 2541 32 27 ob-

1253 2594 102 35 jected,
1374 2590 52 28 and
1444 2589 59 27 said
1521 2588 90 37 Byrne
1625 2593 53 19 was
1698 2583 92 33 living
1814 2582 28 26 in
1863 2590 17 18 a
1903 2580 133 33 building
2057 2578 33 27 of
2115 2578 52 30 his,

1258 2629 89 26 which
1361 2626 91 27 would
1470 2629 60 22 cost
1554 2622 56 27 him
1626 2619 118 35 nothing
1765 2619 43 26 for
1826 2621 59 24 rent
1898 2626 9 24 ;
1925 2616 34 26 he
1971 2614 58 28 also
2041 2614 126 37 objected

1258 2670 28 20 to
1302 2663 113 37 Byrne's
1439 2661 89 35 going
1541 2663 27 24 to
1592 2657 47 26 the
1658 2661 126 30 country,
1804 2663 31 19 as
1848 2655 33 26 be
1896 2652 107 27 wanted
2017 2652 58 26 him
2088 2654 30 24 to
2131 2657 38 28 go

1258 2701 84 27 about
1351 2699 65 27 with
1430 2698 56 27 him
1500 2701 30 21 to
1543 2693 66 30 hold
1626 2693 136 34 meetings
1781 2696 28 21 to
1824 2689 69 27 raise
1907 2696 105 27 money.

1293 2733 239 31 Cross-examined
1544 2732 37 37 by
1591 2730 53 28 Mr.
1659 2730 189 26 MARRITATT:
1886 2727 38 26 At
1937 2725 48 27 the
1995 2726 66 26 time
2079 2722 34 27 of
2122 2732 46 28 my

1259 2773 58 28 first
1335 2770 193 32 conversation
1551 2769 67 27 with
1645 2766 126 31 Parkins,
1793 2764 11 28 I
1831 2763 84 28 heard
1942 2761 122 35 nothing
2087 2761 85 27 about

1258 2811 84 27 coach
1357 2809 53 28 and
1421 2807 115 32 horses;
1556 2805 12 28 I
1581 2813 81 20 never
1675 2807 86 22 wrote
1775 2806 28 22 to
1822 2802 92 33 Byrne
1928 2810 8 21 ;
1956 2798 11 28 I
1989 2799 52 26 had
2057 2807 35 18 no
2105 2807 50 18 con-

1259 2846 132 28 sultation
1406 2845 66 27 with
1483 2842 118 30 Parkins
1615 2841 84 28 about
1709 2839 63 27 bow
1785 2838 35 27 he
1833 2837 100 28 should
1946 2836 109 35 dispose
2069 2833 33 28 of
2122 2835 47 26 the

1261 2891 100 26 money
1375 2893 8 21 ;
1403 2890 45 27 my
1457 2880 64 37 plan
1538 2887 53 19 was
1602 2883 28 22 to
1651 2876 70 27 raise
1733 2874 74 30 3001.
1821 2872 40 28 for
1877 2872 103 35 Byrne,
1998 2871 53 27 and
2067 2876 30 22 to
2109 2870 64 37 give

1261 2920 24 30 it
1296 2924 32 22 to
1342 2919 57 27 biro
1413 2924 28 20 at
1454 2926 67 19 once
1534 2921 28 21 to
1576 2919 40 22 set
1629 2921 37 27 up
1680 2921 15 18 a
1708 2910 202 37 public-house,
1923 2917 31 18 or
1967 2906 65 30 take
2044 2906 111 30 stables.

1299 2956 43 35 By
1467 2960 45 20 Lid
1518 2960 41 19 Pat
1572 2950 83 26 What
1667 2948 9 27 I
1688 2956 69 27 gave
1765 2946 12 28 I
1789 2952 91 22 meant
1889 2943 102 30 should
2000 2952 37 26 go
2043 2943 131 35 toßyrne.

1300 2991 148 28 Catherine
1462 2991 104 34 Byrne,
1589 2983 145 30 examined
1747 2983 37 37 by
1798 2983 54 26 Mr.
1874 2981 235 28 I3ATTIIRSBY.-1
2128 2988 46 19 am

1260 3026 139 35 daughter
1411 3025 33 30 of
1453 3025 47 28 the
1513 3020 136 41 plaintiff;
1669 3020 11 28 I
1695 3018 154 31 remember
1860 3017 54 30 Mr.
1929 3015 118 28 Parkins
2059 3015 115 37 coming

1263 3071 31 24 to
1306 3073 47 27 my
1367 3063 106 27 mother
1493 3070 37 19 on
1544 3060 47 27 the
1616 3058 67 27 20th
1707 3056 33 27 of
1757 3056 66 35 May
1843 3054 70 32 last;
1942 3053 35 28 he
1996 3061 71 26 gave
2088 3052 48 27 her
2159 3061 17 19 a

1267 3109 84 30 paper
1363 3100 102 34 (paper
1483 3096 163 38 produced).
1683 3093 13 27 1
1720 3092 71 28 lived
1817 3090 65 28 with
1900 3099 46 28 my
1967 3089 93 27 father
2081 3087 28 27 in
2128 3089 47 26 the

1265 3138 102 31 house;
1381 3135 54 28 Mr.
1450 3132 116 30 Parkins
1589 3138 48 30 put
1651 3129 56 30 him
1723 3129 46 32 in;
1793 3128 77 27 there
1886 3135 54 19 was
1961 3133 18 19 a
2000 3124 51 28 bill
2074 3132 37 19 on
2130 3126 46 26 the

1269 3172 77 38 place
1359 3178 30 20 to
1402 3171 38 27 let
1453 3171 31 26 it.

1299 3210 46 26 On
1359 3209 48 26 her
1419 3201 287 32 cross-examination,
1716 3198 48 28 she
1778 3198 58 27 said
1851 3197 48 28 she
1910 3197 48 28 did
1974 3200 46 25 not
2033 3195 83 28 know
2125 3195 60 31 bee,

1265 3244 90 28 father
1367 3249 92 21 meant
1472 3247 30 22 to
1514 3241 70 33 keep
1597 3248 17 17 a
1628 3239 87 33 livery
1726 3235 97 28 stable.
1861 3234 43 27 He
1920 3231 124 30 received
2057 3231 52 35 hay
2124 3233 53 27 and

1266 3287 83 22 straw
1362 3281 44 27 for
1419 3280 54 26 Mr.
1492 3276 129 28 Parkins.
1656 3274 112 27 Letters
1789 3270 138 39 produced
1946 3279 46 19 are
2007 3278 45 27 my
2067 3269 113 27 father's

1274 3318 137 35 writings.

1299 3356 63 27 The
1378 3361 81 30 paper
1486 3348 139 40 produced
1651 3348 37 37 by
1700 3348 47 27 the
1770 3346 124 32 witness,
1911 3354 32 19 as
1967 3344 87 32 given
2075 3348 28 22 to
2130 3343 51 28 her

1270 3393 110 27 mother
1400 3391 37 37 by
1455 3389 57 27 Mr.
1535 3387 129 30 Perkins,
1685 3394 56 18 was
1759 3385 67 27 then
1844 3383 84 32 read;
1949 3383 24 26 it
1990 3380 152 27 contained
2164 3391 15 17 •

1267 3433 148 22 statement
1434 3426 33 27 of
1488 3424 118 37 English
1631 3420 213 37 subseriptioos,
1867 3418 165 35 amounting
2061 3423 28 21 to
2112 3416 71 28 1211.

1269 3465 41 27 fis.
1320 3464 64 34 011

1304 3501 54 27 Mr.
1371 3500 105 27 Robert
1493 3497 70 30 Bell,
1576 3493 145 32 examined
1744 3493 37 37 by
1874 3489 33 30 Pi
1907 3489 17 30 l
1924 3489 152 30 is,ups.-1
2100 3489 20 28 k
2120 3489 40 28 no
2160 3489 21 28 w

1270 3539 54 27 Mr.
1335 3537 117 27 Parkins
1467 3544 63 27 very
1543 3534 79 32 well;
1648 3531 8 27 I
1674 3531 69 26 have
1750 3530 54 27 had
1820 3539 15 18 a
1848 3534 81 31 great
1944 3537 81 27 many
2039 3535 145 19 eonversa-

1271 3578 74 26 Mons
1361 3575 65 26 with
1443 3573 57 28 him
1514 3580 35 19 on
1569 3572 46 26 the
1628 3567 188 38 subscription
1830 3566 44 27 for
1887 3565 111 37 Byrne;
2022 3565 33 26 lie
2080 3560 103 40 alivays

1270 3611 131 31 declared
1415 3617 30 21 to
1460 3618 44 18 me
1528 3608 61 27 that
1617 3607 35 26 lie
1675 3605 54 27 had
1755 3604 123 28 received
1892 3601 196 35 considerably
2111 3608 77 19 more

1270 3650 69 28 than
1358 3648 34 27 he
1406 3656 67 27 gave
1488 3646 99 35 Byrne.
1607 3643 63 28 The
1695 3650 97 19 reason
1818 3641 34 27 he
1866 3647 71 28 gave
1954 3639 41 28 fur
2019 3644 48 21 not
2081 3635 104 39 paying

1272 3687 94 37 Byrne
1377 3694 63 21 was,
1547 3690 54 30 you
1628 3679 84 28 tbink
1737 3678 40 28 I'd
1809 3679 65 35 give
1899 3678 46 26 the
1963 3673 150 31 scoundrel
2139 3674 48 27 the

1273 3732 106 27 money,
1398 3723 60 25 that
1474 3728 54 19 was
1543 3718 87 35 going
1649 3723 30 22 to
1701 3717 63 37 quit
1786 3715 44 27 his
1843 3715 64 26 wife
1920 3715 53 26 and
1989 3713 128 27 children
2130 3712 56 27 and

1273 3759 77 26 leave
1370 3758 74 26 them
1472 3754 168 37 chargeable
1658 3763 34 17 on
1719 3761 76 19 some
1814 3751 91 34 parish
1984 3750 56 26 Mr.
2065 3746 124 27 Parkins

1274 3795 72 31 said,
1358 3794 34 25 he
1416 3793 53 26 had
1483 3791 72 27 done
1578 3790 89 26 better
1683 3789 43 26 for
1752 3788 92 35 Byrne
1865 3787 69 26 than
1949 3785 115 33 getting
2086 3783 57 26 him
2172 3790 17 19 •

1274 3829 84 28 coach
1370 3827 54 28 and
1439 3829 110 28 horses;
1565 3826 34 26 he
1615 3826 52 26 bad
1683 3823 141 35 employed
1840 3822 57 26 him
1913 3827 27 21 to
1956 3822 63 26 take
2031 3828 64 19 care
2102 3819 32 27 of
2144 3819 46 26 his

1281 3865 111 31 stables,
1402 3865 54 26 and
1470 3865 33 26 he
1515 3870 53 19 was
1581 3861 65 27 then
1658 3861 27 27 in
1703 3860 43 26 his
1757 3857 197 38 employment.

1312 3899 240 31 Cross-examined
1569 3899 35 35 by
1625 3896 54 28 Mr.
1695 3894 332 30 Slaaitearr.--Thinks
2040 3892 24 28 it
2076 3900 56 18 was
2156 3891 32 27 in

1278 3938 97 28 March
1391 3937 61 32 last,
1465 3935 118 27 Parkins
1592 3934 58 27 said
1665 3934 33 27 he
1713 3933 56 27 had
1788 3941 77 19 more
1880 3940 98 28 money
1989 3932 69 27 than
2074 3930 34 26 he
2124 3927 64 37 paid

1278 3976 102 32 Byrne.

1315 4012 61 28 The
1393 4019 60 19 case
1461 4007 46 30 for
1519 4007 48 28 the
1577 4005 122 40 plaintiff
1706 4005 91 28 closed
1809 4005 73 28 here.

1315 4063 54 28 Mr.
1380 4062 171 27 MARIITATT
1573 4056 144 30 addressed
1739 4055 45 30 the
1811 4055 73 38 Jury
1907 4055 43 27 for
1968 4054 46 27 the
2028 4050 162 30 defendant.

1280 4101 26 27 It
1320 4109 54 18 was
1387 4100 120 30 evident,
1518 4097 35 26 he
1566 4095 70 31 said,
1656 4093 47 28 the
1714 4094 92 26 action
1820 4101 56 19 was
1886 4098 48 20 not
1955 4090 124 34 brought
2101 4093 27 22 to
2151 4095 28 19 re-

1278 4144 80 20 cover
1368 4143 106 27 money.
1511 4133 60 26 The
1581 4130 98 38 speech
1693 4130 32 27 of
1735 4130 47 26 the
1795 4128 125 28 Learned
1936 4126 120 30 Counsel
2073 4133 52 19 was
2140 4122 50 30 full

1279 4173 31 28 of
1320 4170 136 30 invective
1475 4169 112 35 against
1605 4167 46 27 the
1675 4165 129 39 plaintiff.
1843 4165 53 26 Mr.
1912 4163 117 27 Parkins
2055 4160 54 28 bad
2134 4168 46 19 ren-

1280 4209 83 27 dered
1383 4217 34 18 an
1431 4211 119 22 account
1572 4204 33 28 of
1620 4211 83 27 every
1716 4200 120 35 shilling
1851 4200 118 28 received
1982 4200 81 26 down
2085 4202 28 20 to
2130 4196 64 37 Slay

1281 4246 61 30 last,
1355 4244 53 30 and
1426 4253 33 17 no
1474 4243 102 27 human
1589 4240 85 35 being
1689 4247 56 19 was
1763 4235 86 30 called
1864 4243 28 21 to
1906 4245 84 27 prove
2008 4243 53 19 one
2074 4232 120 37 shilling

1281 4281 64 38 paid
1359 4281 43 27 for
1415 4280 91 27 which
1521 4279 34 27 be
1569 4276 57 28 had
1639 4281 48 20 not
1704 4273 161 30 accoisnted.
1902 4272 96 28 There
2016 4279 56 19 was
2099 4269 60 27 also
2177 4277 18 19 a

1281 4317 191 35 subscription
1498 4315 30 26 in
1561 4312 106 27 Ireland
1693 4312 53 25 and
1769 4309 89 31 York,
1876 4309 91 26 which
1990 4306 93 31 might
2114 4305 80 27 make

1284 4354 117 27 Parkins
1414 4361 48 27 say
1480 4351 24 26 it
1525 4357 56 19 was
1593 4346 86 38 going
1698 4355 34 18 on
1756 4343 172 30 well-3001.
1948 4341 176 32 subscribed;
2146 4341 51 26 bat

1284 4391 33 27 he
1330 4390 53 28 had
1397 4389 21 30 it
1434 4393 47 25 not
1494 4388 28 26 in
1546 4385 85 33 band,
1654 4382 54 30 and
1728 4381 24 30 if
1770 4382 79 28 there
1870 4389 58 19 was
1952 4387 56 28 any
2028 4376 168 30 defalcation

1284 4429 22 26 it
1317 4426 90 30 would
1420 4426 33 28 be
1463 4423 86 37 easily
1563 4423 80 26 made
1654 4429 110 28 appear.
1801 4415 45 31 Ike
1860 4415 91 30 would
1971 4415 145 37 discharge
2131 4413 51 30 Par-

1286 4465 63 27 kins
1372 4462 32 28 of
1426 4462 51 28 the
1496 4459 142 31 1511.—he
1651 4456 124 30 received
1791 4465 17 19 a
1820 4457 81 26 much
1922 4456 93 34 larger
2028 4460 72 19 sum.
2135 4452 63 26 The

1285 4500 149 28 collection
1453 4496 107 32 ceased,
1584 4505 31 19 as
1638 4496 43 27 far
1701 4504 31 19 as
1752 4493 117 28 Parkins
1899 4499 56 19 was
1978 4487 167 33 concerned,
2169 4488 30 28 in

1287 4537 79 37 April
1394 4535 79 33 1823,
1491 4533 57 28 and
1574 4532 33 28 lie
1632 4531 125 28 received
1783 4538 72 19 none
1876 4528 78 27 after.
1993 4526 61 28 The
2076 4522 122 30 Learned

1286 4573 163 28 Geutleinan
1473 4572 66 27 here
1557 4567 64 28 read
1631 4577 15 19 a
1659 4569 79 26 letter
1759 4567 71 27 from
1845 4566 96 35 Byrne
1964 4569 28 21 to
2019 4561 125 31 Parkins,
2169 4561 31 26 is

1289 4607 91 27 which
1394 4607 34 26 he
1444 4606 72 30 said,
1567 4605 11 26 I
1589 4609 104 24 cannot
1706 4611 111 27 express
1839 4610 46 27 my
1904 4599 148 34 gratitude,
2076 4598 54 26 and

1287 4652 54 27 you
1356 4642 56 28 will
1426 4642 132 27 continue
1570 4644 30 22 to
1613 4639 102 27 receive
1729 4641 45 26 the
1783 4636 185 41 subscription
1989 4633 32 27 of
2040 4633 92 26 which
2146 4633 56 34 rout

1289 4687 46 20 are
1346 4680 47 26 the
1561 4674 133 28 Different
1714 4672 81 37 plans
1807 4680 70 19 were
1889 4680 28 19 in
1928 4668 216 38 contemplation
2158 4667 44 28 foe

1289 4714 151 40 providing
1461 4714 44 27 for
1530 4711 111 35 Byrne;
1659 4719 52 19 one
1739 4719 65 21 was,
1826 4707 124 38 keeping
1965 4715 15 17 a
2003 4702 200 40 livery-stable,

1292 4753 90 28 where
1394 4752 24 27 it
1427 4759 57 19 was
1500 4744 139 40 supposed
1651 4744 73 28 Irish
1737 4744 106 27 friends
1854 4743 91 27 would
1954 4742 70 38 keep
2034 4743 113 31 horses;
2169 4740 35 27 be

1292 4789 50 27 did
1364 4788 125 34 actually
1514 4786 56 34 buy
1594 4783 56 33 hay
1674 4782 54 27 and
1754 4787 84 22 straw
1863 4780 43 27 for
1926 4781 47 26 the
1993 4787 130 30 purpose,
2148 4776 57 27 and

1293 4826 105 27 receive
1411 4825 77 26 them
1500 4822 30 26 is
1545 4822 50 25 the
1612 4818 131 37 premises
1765 4817 34 27 he
1822 4817 63 26 held
1907 4817 72 26 from
2006 4815 128 28 Parkins,
2148 4811 54 28 and

1294 4861 44 27 for
1356 4860 92 28 which
1462 4857 119 30 Parkins
1603 4853 57 28 had
1672 4853 79 35 90gs.
1766 4861 17 18 a
1802 4860 66 27 year
1886 4851 70 27 from
1980 4851 47 26 the
2042 4850 91 34 Royal
2148 4847 38 28 Ex-

1294 4896 106 38 change
1417 4894 151 28 Insurance
1587 4889 87 30 Office
1690 4889 93 27 before
1801 4889 35 26 he
1857 4886 38 28 let
1917 4887 24 26 it
1970 4891 28 24 to
2023 4885 100 37 Byrne.
2163 4883 45 27 He

1297 4933 90 27 would
1402 4937 50 22 not
1468 4929 110 38 inquire
1596 4925 124 30 whether
1742 4924 92 35 Byrne
1854 4931 56 19 was
1926 4928 50 30 put
1998 4922 61 27 into
2078 4920 46 27 the
2145 4928 47 28 pro-

1298 4969 81 27 mises
1398 4977 28 18 as
1439 4977 19 18 a
1475 4971 104 26 tenant,
1592 4964 50 27 but
1654 4964 79 25 there
1743 4959 138 35 certainly
1902 4968 54 18 was
1967 4967 15 18 a
2001 4959 65 26 time
2080 4957 78 27 when
2173 4957 37 27 be

1298 5013 53 19 was
1364 5013 30 19 so
1407 5000 170 32 considered,
1594 4998 69 30 both
1678 4998 35 34 by
1729 4996 115 27 Parkins
1860 4994 54 28 and
1928 4993 122 33 himself,
2062 4994 54 26 and
2128 4993 79 27 there

1298 5048 57 19 was
1365 5040 48 28 but
1429 5039 61 28 half
1507 5048 15 18 a
1547 5036 87 37 year's
1654 5039 61 22 rent
1730 5033 56 26 and
1808 5036 78 22 taxes
1898 5029 136 33 charged.
2073 5029 56 28 Mr.
2143 5028 50 28 Par-

1298 5075 65 28 kins
1376 5074 154 30 calculated
1550 5081 38 19 on
1607 5069 139 33 receiving
1757 5075 76 19 more
1845 5066 69 28 than
1925 5065 73 30 3001.
2011 5066 79 28 when
2105 5065 35 28 be
2154 5062 57 31 bad

1300 5112 47 27 the
1369 5111 191 31 conversation
1589 5108 66 27 with
1682 5106 54 27 Mr.
1757 5104 131 31 Cobbett,
1910 5102 51 27 but
1982 5104 34 27 he
2039 5109 56 20 was
2115 5101 94 37 disage

1300 5148 122 34 pointed,
1437 5148 53 27 and
1502 5147 33 27 be
1547 5145 54 28 bad
1616 5144 83 35 given
1713 5141 103 34 Byrne,
1835 5139 56 27 and
1904 5139 63 35 paid
1982 5138 44 30 for
2047 5139 70 32 him,
2134 5145 76 21 mows

1300 5183 69 27 than
1383 5183 34 28 be
1437 5181 54 30 had
1506 5180 136 32 received,
1649 5177 54 30 and
1714 5176 106 27 instead
1833 5174 33 27 of
1881 5176 152 33 pocketing
2044 5183 56 28 any
2113 5176 94 35 Wog,

1303 5226 57 20 was
1370 5218 196 35 considerably
1581 5216 31 27 is
1641 5215 117 30 dvance,
1776 5220 30 19 as
1817 5211 33 26 he
1858 5210 92 28 would
1965 5219 91 27 prove.

1339 5262 84 30 Louis
1461 5262 131 28 Lemoine
1610 5257 144 31 examined
1780 5256 37 37 by
1839 5256 54 26 Mr.
1919 5256 177 32 Aecimoi.o,
2114 5254 99 28 stated'

1305 5297 61 28 that
1380 5298 35 27 he
1428 5298 56 27 bad
1496 5298 69 27 been
1579 5295 145 38 employed
1740 5295 37 34 by
1796 5291 54 27 Mr.
1867 5290 117 28 Parkins
2011 5298 28 20 to
2060 5293 79 26 make
2164 5295 51 22 out

1309 5333 117 38 Byrne's
1439 5339 136 27 account;
1587 5333 78 27 there
1685 5340 54 18 was
1757 5337 37 19 an
1805 5333 119 24 account
1932 5328 31 27 of
1974 5331 47 25 the
2031 5328 116 35 receipts
2159 5326 56 28 and

1307 5370 215 28 disbursements
1531 5369 69 37 kept
1612 5370 28 26 in
1655 5376 53 20 one
1721 5365 32 30 of
1763 5366 47 27 the
1830 5363 86 28 books
1930 5365 28 26 in
1970 5366 47 27 the
2037 5362 176 30 defendant's

1307 5406 90 31 office.

1344 5443 98 28 Cater
1460 5439 237 30 interim—Was
1710 5439 50 27 the
1770 5435 149 31 defendant
1932 5435 145 35 following
2098 5444 58 28 any
2169 5434 33 27 bu-

1310 5480 87 27 siness
1411 5483 27 24 at
1452 5477 46 28 the
1518 5477 65 26 time
1597 5476 99 27 ?—We
1721 5476 67 35 kept
1815 5473 86 26 books
1920 5472 44 27 for
1985 5473 99 34 taking
2109 5481 39 25 up
2172 5470 47 28 the

1311 5524 81 22 cause
1411 5513 33 27 of
1466 5511 111 37 injured
1599 5510 178 27 individuals.
1813 5509 41 34 (A
1877 5513 78 30 great
1980 5509 111 35 laugh.)
2127 5507 93 26 There

1313 5559 53 20 was
1380 5559 17 19 a
1409 5552 129 34 payment
1552 5546 77 27 made
1652 5546 40 26 for
1715 5545 182 40 Newspapers
1909 5549 27 21 to
1951 5546 65 26 send
2036 5549 28 22 to
2091 5541 109 30 Ireland
2212 5549 7 18 :

1313 5587 53 31 and
1387 5593 56 21 two
1454 5583 107 35 pounds
1580 5590 15 19 a
1611 5581 74 28 week
1698 5589 54 18 aas
1772 5580 64 37 paid
1850 5584 28 21 to
1902 5580 90 35 Byrne
2003 5581 43 26 for
2057 5588 77 19 some
2146 5580 74 26 time.

1351 5624 54 27 Mr.
1417 5623 141 28 PHILLIPS
1570 5617 60 28 said
1642 5619 33 26 he
1694 5626 54 19 was
1757 5615 132 40 perfectly
1899 5616 106 39 willing
2020 5623 28 21 to
2059 5615 90 30 admit
2169 5621 52 30 any

1316 5665 145 33 payments
1475 5656 79 27 made
1567 5659 28 24 to
1610 5654 102 35 Byrne.

1350 5696 61 27 The
1426 5694 110 27 witness
1548 5691 104 37 proved
1667 5688 105 28 several
1780 5694 154 28 payments,
1946 5699 52 18 one
2020 5689 32 27 of
2065 5686 91 30 which
2169 5692 54 20 was

1319 5732 63 27 nine
1394 5730 107 39 pounds
1511 5727 45 27 six
1564 5724 132 35 shillings
1716 5730 28 21 to
1765 5725 113 26 himself
1898 5726 43 27 for
1965 5726 122 35 keeping
2109 5720 116 38 Byrne's

1317 5771 128 26 account.
1480 5764 94 37 Byrne
1583 5759 133 37 occupied
1731 5759 52 30 Mr.
1801 5760 139 28 Parkins's
1961 5761 86 27 house
2057 5759 57 30 and
2127 5756 99 31 stables

1318 5806 41 27 for
1370 5812 76 20 some
1459 5802 65 28 time
1544 5797 71 30 after
1628 5797 33 26 he
1674 5804 77 19 came
1762 5802 27 22 to
1804 5796 148 38 England;
1969 5799 43 27 for
2031 5802 57 24 two
2104 5805 32 18 or
2148 5794 78 26 three

1320 5841 113 28 months
1446 5843 30 24 to
1489 5833 135 31 witness's
1645 5832 175 38 knowledge.
1857 5833 94 38 Byrne
1969 5833 86 28 asked
2070 5833 111 26 witness
2206 5826 21 26 if

1343 5885 15 14 a
1370 5876 80 28 knew
1465 5872 72 30 what
1546 5874 60 25 rent
1624 5868 35 30 he
1674 5876 56 22 was
1741 5872 28 25 to
1782 5870 65 35 pay?
1885 5871 120 27 Witness
2019 5868 109 38 replied
2135 5868 33 26 he
2181 5861 46 32 did

2148 294 59 25 not,
2224 286 56 30 and
2303 286 113 28 advised
2438 286 57 27 him
2520 291 30 22 to
2572 283 51 27 ask
2649 283 53 28 Mr.
2724 280 125 32 Parkins.
2888 275 41 28 He
2944 274 59 27 said
3024 274 33 26 he

2148 322 85 32 could
2241 326 50 22 not
2307 322 58 26 find
2378 331 34 18 an
2424 319 190 37 opportunity,
2626 319 48 27 hut
2693 319 37 27 let
2745 319 52 26 Mr.
2813 312 117 31 Perkins
2953 311 104 33 charge

2150 361 58 27 him
2230 358 74 28 what
2319 358 34 26 he
2363 358 100 31 would,
2476 357 60 26 he'd
2551 364 52 25 pay
2616 356 67 26 him.
2722 354 92 34 Byrne
2826 348 59 28 told
2900 347 113 27 witness
3022 346 33 25 he

2154 394 53 30 bad
2220 399 50 28 got
2280 402 35 19 an
2326 393 125 31 estimate
2459 392 32 26 of
2502 390 161 28 alterations
2674 394 27 21 to
2714 389 33 27 be
2765 387 80 27 made
2855 384 30 27 in
2894 386 61 32 part
2972 381 31 26 of
3012 381 46 26 the

2152 429 141 41 premises,
2306 433 28 21 to
2346 429 78 27 make
2433 438 17 18 a
2461 428 60 26 coal
2535 425 67 28 shed
2614 425 41 26 for
2674 425 43 27 his
2735 424 63 27 wife
2810 428 28 20 to
2851 419 80 35 keep.

2187 464 242 31 Cross-examined
2454 463 34 38 by
2504 462 51 31 Mr.
2576 461 141 28 PHILLIPS
2728 459 48 27 —1
2794 467 53 19 was
2871 455 84 27 abort
2965 452 18 28 8
2999 461 32 19 or
3043 451 18 28 9

2153 504 87 28 weeks
2250 502 142 37 employed
2400 502 35 37 by
2448 500 118 28 Parkins
2576 507 35 19 on
2623 498 54 27 Mr.
2688 496 113 37 Byrne's
2811 493 133 30 business.
2967 490 93 35 Byrne

2157 539 175 37 complained
2348 544 28 20 to
2388 548 41 15 me
2445 539 60 25 that
2526 536 33 28 he
2572 533 81 28 could
2678 539 47 21 not
2739 539 46 28 get
2797 539 98 26 money
2910 529 70 26 from
3001 526 47 27 Par-

2156 576 77 26 kins:
2254 574 34 25 he
2302 580 80 20 never
2394 572 69 31 said,
2481 573 61 25 that
2561 569 78 27 when
2652 569 34 26 he
2698 568 58 26 said
2778 573 30 21 to
2828 565 116 27 Parkins
2969 562 60 26 that
3044 561 24 26 if

2159 613 33 24 he
2207 618 69 27 gave
2288 608 59 26 him
2366 609 46 26 the
2426 615 100 25 money
2541 605 44 27 his
2597 611 112 27 prayers
2720 602 53 26 and
2785 601 43 27 his
2846 598 118 37 family's
2979 595 86 27 would

2157 656 38 27 go
2215 656 38 26 up
2264 648 28 24 to
2317 643 109 28 Heaven
2441 643 41 27 for
2502 643 58 26 him
2572 652 9 21 ;
2603 638 119 30 Perkins
2746 637 69 31 said,
2833 635 90 26 d—
2936 641 54 28 you
3012 631 57 28 and

2158 691 70 27 your
2243 689 122 27 prayers.
2402 678 118 27 Witness
2535 678 64 26 here
2608 673 131 30 admitted
2753 681 15 18 a
2778 672 89 31 letter,
2878 670 141 38 produced
3033 669 35 35 by

2160 718 53 26 Mr.
2228 715 124 32 Phillips,
2370 719 30 21 to
2409 715 34 24 be
2457 715 30 24 in
2502 713 43 24 his
2559 711 74 26 hand
2650 709 120 30 writinz,
2791 707 53 26 and
2856 709 66 24 then
2937 704 131 26 admitted

2161 752 91 34 Byrne
2265 746 54 28 had
2331 746 89 28 stated
2433 751 28 21 to
2477 746 57 26 him
2546 746 46 26 the
2616 752 106 19 answer
2738 743 70 26 from
2831 741 53 26 Mr.
2903 739 119 27 Parkins
3041 738 28 26 in

2160 788 46 27 the
2217 787 100 26 former
2328 782 138 39 question,
2477 783 54 26 and
2544 781 58 28 also
2611 780 59 27 told
2681 780 56 26 hint
2748 778 64 27 that
2822 777 37 26 be
2868 774 56 28 bad
2937 774 133 38 proposed

2161 830 28 22 to
2210 822 129 32 Parkins,
2357 820 24 27 if
2393 820 34 27 he
2447 817 92 28 would
2552 819 64 34 give
2636 816 54 28 him
2706 815 47 28 the
2766 814 115 27 balance
2891 811 35 27 he
2937 810 89 28 wuuld
3040 810 33 28 be

2166 861 72 26 done
2252 860 65 26 with
2328 856 72 27 'him.
2439 855 54 27 Mr.
2506 854 117 27 Parkins
2639 853 54 27 had
2708 861 14 17 a
2743 854 80 32 great
2836 848 60 28 deal
2910 848 32 26 of
2963 846 110 38 general

2167 896 136 28 business,
2322 892 115 33 writing
2461 892 56 26 and
2536 889 157 33 answering
2712 886 96 28 letters
2819 891 28 21 to
2862 883 144 26 noblemen
3020 882 56 27 and

2164 930 167 38 gentlemen.
2369 928 65 27 Part
2446 927 33 27 of
2489 924 133 31 witness's
2634 924 125 27 business
2778 930 57 19 was
2848 920 90 34 going
2949 918 69 27 after
3030 919 48 25 the

2166 967 41 28 tin
2220 967 84 27 boxes
2319 965 91 27 where
2422 963 46 28 the
2486 961 204 35 subscriptions
2715 966 71 19 were
2810 956 136 27 received.
2983 953 96 35 Byrne

2154 1002 67 32 'bad
2236 1002 109 28 neither
2353 1000 85 27 coach
2451 1007 52 20 nor
2515 1000 93 26 horses
2622 1002 27 22 at
2659 996 50 28 the
2731 992 98 30 stable.
2868 991 53 28 Did
2936 994 48 24 not
3001 999 45 18 see
3065 999 14 17 a

2171 1041 44 28 till
2228 1049 35 18 on
2275 1041 48 26 the
2336 1037 137 37 premises.
2512 1036 54 27 Mr.
2581 1033 117 28 Parkins
2707 1032 78 27 made
2798 1039 37 27 up
2849 1029 48 28 the
2910 1036 99 28 money
3022 1026 46 27 wit-

2171 1085 63 19 ness
2254 1075 124 30 received
2391 1072 43 27 for
2445 1072 87 35 doing
2554 1070 117 35 Byrne's
2685 1069 136 28 business,
2841 1065 52 27 101.
2906 1072 31 19 or
2952 1064 53 27 111.
3020 1072 8 22 ;
3050 1063 33 26 he

2173 1117 83 22 wrote
2267 1110 41 28 for
2327 1110 54 28 Mr.
2394 1108 116 28 Parkins
2523 1108 79 25 when
2617 1107 35 26 he
2665 1103 105 28 wanted
2785 1103 67 26 him.
2889 1100 61 27 The
2967 1104 79 31 entry
3057 1098 31 27 of

2171 1148 38 30 91.
2225 1148 56 26 Ns.
2295 1152 28 21 to
2339 1146 120 30 witness,
2469 1144 28 26 in
2511 1143 47 27 the
2569 1143 83 30 hook,
2670 1141 25 26 is
2706 1144 48 22 not
2766 1140 28 25 in
2810 1139 44 25 his
2867 1136 219 33 hand-writing;

2172 1185 35 27 he
2230 1183 65 27 does
2308 1185 48 25 not
2369 1180 81 27 think
2473 1180 22 27 it
2516 1179 25 28 is
2562 1176 155 28 Parkins's.
2756 1170 214 31 Re-examined:
2992 1170 93 35 Byrne

2174 1228 83 20 never
2268 1217 175 39 complained
2454 1221 28 22 to
2494 1215 112 28 witness
2630 1214 60 26 that
2711 1211 118 28 Parkins
2848 1207 91 28 would
2965 1211 48 24 not
3033 1214 53 28 pay

2176 1258 67 31 him,
2261 1256 45 27 till
2320 1256 70 27 after
2404 1254 107 27 witness
2533 1251 53 30 had
2613 1250 51 28 left
2683 1247 128 28 Parkins.
2850 1244 92 38 Byrne
2967 1243 61 28 said
3053 1243 35 27 he

2177 1303 54 20 was
2244 1293 28 27 in
2285 1290 174 39 expectation
2471 1289 32 28 of
2513 1289 100 27 horses.

2213 1330 96 34 Henry
2339 1326 115 35 Taylor,
2477 1323 144 31 examined
2653 1323 38 35 by
2722 1320 52 27 Mr.
2794 1317 207 30 KrrowLes.-1
3038 1325 54 18 was

2181 1367 53 28 Mr.
2271 1363 139 30 Parkins's
2438 1362 77 27 clerk
2545 1362 31 26 in
2606 1359 125 34 January
2761 1356 74 30 1823,
2854 1354 53 27 and
2939 1352 154 38 frequently

2178 1402 63 43 paid
2272 1407 102 30 money
2401 1403 28 22 to
2447 1398 102 35 Byrne,
2572 1395 32 28 of
2623 1394 91 28 which
2747 1393 11 26 1
2774 1391 78 27 made
2869 1390 103 28 entries
2985 1393 28 25 in
3045 1390 48 26 the

2181 1437 113 39 general
2314 1437 54 35 day
2387 1434 72 28 book
2474 1444 7 21 ;
2502 1437 35 24 he
2569 1433 58 27 also
2644 1440 57 18 saw
2721 1437 99 27 money
2841 1427 63 35 paid
2926 1428 34 35 by
2980 1427 115 26 another

2181 1476 84 28 clerk,
2282 1470 167 28 ansountina
2461 1470 30 26 in
2511 1470 47 26 the
2576 1468 90 26 whole
2685 1472 28 21 to
2731 1465 39 27 21.
2796 1463 115 31 a-week,
2929 1462 43 27 for
2992 1467 103 30 twenty

2187 1509 97 30 weeks.

2220 1546 54 27 Mr.
2295 1545 143 27 PHILLIPS
2458 1541 60 27 said
2538 1540 33 28 he
2590 1537 91 31 would
2707 1535 87 28 admit
2819 1535 143 37 payments
2988 1535 28 24 to
3035 1532 61 27 that

2185 1586 123 26 amount.

2225 1618 119 26 Witness
2354 1624 7 17 :
2383 1615 11 26 1
2409 1613 85 27 heard
2512 1613 91 35 Byrne
2617 1620 48 26 say
2676 1610 34 27 lie
2741 1607 115 28 entered
2884 1606 61 27 into
2959 1603 143 30 Parkins's

2185 1655 132 37 premises
2330 1652 66 27 with
2412 1654 47 24 the
2479 1650 137 27 intention
2630 1646 31 26 of
2673 1645 122 35 keeping
2820 1643 90 28 livery
2923 1641 104 27 stables
3038 1650 9 21 ;
3065 1639 37 27 he

2185 1688 143 40 requested
2343 1688 53 27 Mr.
2412 1685 119 28 Parkins
2541 1690 27 22 to
2580 1684 76 27 write
2666 1682 94 27 letters
2778 1687 30 20 to
2819 1674 158 43 gentlemen
2992 1682 28 24 to
3031 1676 71 35 keep

2189 1727 72 26 thiir
2291 1726 92 27 horses
2405 1723 67 27 with
2500 1722 57 28 him
2572 1731 8 21 ;
2602 1720 111 27 witness
2735 1721 84 24 wrote
2833 1716 69 27 such
2919 1715 91 26 letters
3022 1714 66 26 after-

2189 1763 89 26 wards
2289 1766 30 22 at
2333 1760 53 27 Mr.
2409 1757 138 28 Parkins's
2562 1756 98 27 desire.
2719 1754 113 27 Besides
2846 1753 46 26 the
2906 1755 52 22 two
2970 1749 105 34 pounds
3087 1757 14 18 a

2189 1798 77 26 week
2293 1802 28 21 to
2335 1796 100 34 Byrne,
2448 1795 54 27 Mr.
2530 1792 119 30 Parkins
2663 1791 61 34 paid
2739 1788 106 28 several
2864 1795 76 19 sums
2954 1794 37 18 on
3005 1785 44 27 his
3059 1794 28 18 ac-

2187 1839 85 22 count
2285 1833 44 27 for
2343 1830 235 31 advertisements,
2598 1832 124 31 postage,
2732 1825 50 28 &c.

2224 1869 105 38 Joseph
2348 1866 59 30 Gill
2428 1865 145 30 examined
2593 1865 39 37 by
2644 1863 54 28 Mr.
2726 1856 285 34 MennvaTT.—Was
3027 1856 74 31 clerk

2189 1915 28 22 to
2246 1907 57 27 Mr.
2335 1904 138 34 Parkins;
2494 1904 66 37 paid
2595 1907 77 22 taxes
2693 1909 37 19 on
2754 1899 47 28 the
2831 1897 133 39 premises
2983 1894 63 28 held
3067 1894 35 38 by

2191 1946 104 35 Byrne.

2224 1977 242 32 Cross-examined
2479 1977 37 34 by
2528 1975 52 28 Mr.
2595 1971 307 31 PHlLLlP3.—Witness
2909 1970 22 28 is
2943 1980 15 18 a
2970 1969 72 28 valet
3048 1968 53 28 and

2194 2016 221 31 brother-in-law
2424 2019 30 21 to
2466 2014 53 25 Mr.
2533 2011 126 27 Parkins.

2219 2052 106 37 Joseph
2357 2050 174 35 Stephenson
2550 2048 96 27 knows
2662 2046 53 27 Mr.
2740 2042 142 28 Parkins's
2902 2041 141 35 premises,
3072 2040 30 27 in

2197 2091 110 34 Riding
2323 2086 188 33 Hoosr-lane;
2530 2083 66 38 they
2624 2091 71 19 were
2709 2082 37 27 let
2759 2081 43 27 for
2813 2080 34 30 90
2862 2079 116 35 guineas
3004 2088 14 17 a
3031 2086 71 27 year,

2192 2130 69 27 from
2280 2127 67 27 1820
2359 2131 30 21 to
2400 2122 78 33 1822,
2491 2130 31 20 to
2535 2122 46 27 the
2591 2120 87 37 Royal
2696 2119 150 35 Exchange
2858 2117 151 27 Insurance
3022 2117 60 26 Com-

2192 2174 71 27 pany
2276 2176 9 21 ;
2319 2164 91 34 Byrne
2421 2160 131 37 occupied
2568 2160 76 25 them
2656 2156 84 28 about
2769 2157 44 26 •ix
2826 2153 118 28 months.
2992 2152 112 28 Charles

2179 2189 1 45 '
2192 2202 93 32 Swift,
2293 2210 17 18 a
2321 2199 74 28 clerk
2414 2197 32 27 of
2456 2197 54 28 Mr.
2533 2194 128 33 Perkins,
2692 2191 102 40 proved
2807 2194 142 34 payments
2957 2194 27 22 to
3002 2189 102 37 Byrne,

2193 2238 53 28 and
2259 2246 38 19 on
2311 2237 44 26 his
2374 2239 125 24 account.

2230 2289 25 27 A
2269 2285 90 30 Clerk
2381 2284 32 27 of
2437 2293 18 19 a
2478 2281 128 37 banking
2631 2280 85 28 house
2730 2277 104 38 proved
2859 2276 61 30 that
2934 2274 37 28 he
2982 2272 124 30 received

2194 2324 202 34 subscriptions
2409 2320 43 27 for
2465 2319 109 37 Byrne;
2588 2319 50 28 the
2644 2317 59 27 first
2717 2324 53 18 was
2781 2314 64 38 paid
2861 2314 37 43 by
2908 2311 54 28 Mr.
2976 2311 131 31 Parkins;

2194 2361 48 30 the
2254 2357 87 30 whole
2352 2360 126 24 amounts
2491 2361 28 21 to
2535 2355 79 32 1141.,
2626 2353 92 28 which
2732 2360 56 19 was
2800 2350 59 27 still
2881 2357 28 20 in
2922 2348 74 27 their
3009 2346 98 30 hands.

2233 2396 56 27 Mr.
2319 2394 107 35 Mayor,
2452 2401 17 18 a
2493 2400 142 28 surveyor,
2654 2388 103 44 proved
2776 2388 60 27 that
2863 2385 35 28 he
2919 2393 53 19 was
2992 2389 60 22 sent
3073 2383 34 34 by

2197 2432 118 30 Parkins
2346 2435 30 21 to
2400 2428 80 27 value
2507 2428 48 27 the
2580 2435 130 30 premises
2727 2425 28 28 in
2781 2422 91 30 which
2900 2421 96 38 Byrne
3019 2419 91 32 lived;

2199 2469 118 30 Parkins
2328 2466 59 28 told
2401 2466 57 27 him
2472 2464 35 28 be
2520 2464 53 28 had
2590 2463 123 33 brought
2727 2461 92 37 Byrne
2831 2469 65 20 over
2908 2459 71 28 from
2992 2456 118 33 Ireland,

2198 2507 54 26 and
2264 2510 48 31 put
2327 2504 57 27 him
2396 2502 60 28 into
2476 2502 59 27 that
2549 2502 85 27 house
2643 2506 27 21 to
2681 2499 70 35 keep
2761 2499 21 26 it
2794 2498 44 27 for
2852 2497 66 27 him.

2233 2543 47 28 On
2294 2541 44 27 his
2350 2538 286 31 eross-examination,
2646 2537 46 27 the
2706 2536 109 27 witness
2828 2542 57 19 was
2901 2531 94 33 asked,
3013 2529 48 28 did
3076 2529 37 27 he

2198 2585 50 22 not
2259 2578 48 27 tell
2324 2577 118 28 Parkins
2453 2577 35 25 he
2503 2583 53 18 was
2568 2572 145 38 employed
2725 2572 37 35 by
2770 2572 185 26 Government
2966 2574 30 21 to
3008 2567 56 35 buy
3076 2574 37 27 up

2200 2619 46 26 the
2263 2615 124 28 Princess
2396 2611 33 28 of
2440 2610 215 28 Cumberland's
2669 2617 111 27 rapers,
2800 2607 53 27 and
2867 2606 53 26 bad
2940 2604 102 27 offered
3065 2603 48 26 her

2199 2652 118 33 25,0001.
2343 2650 41 27 for
2396 2648 96 30 them?
2525 2647 41 27 He
2590 2644 113 38 replied,
2730 2642 164 28 Nonsense!
2915 2641 56 28 Mr.
2991 2639 119 28 Perkins

2203 2691 96 26 knows
2314 2694 76 22 more
2399 2683 33 28 of
2448 2686 47 26 the
2515 2683 125 27 Princess
2653 2683 31 26 of
2704 2679 189 30 Cumberland
2914 2679 71 27 than
3000 2676 13 27 1
3028 2675 33 27 do
3081 2674 33 35 (a

2206 2725 111 37 laugh).
2355 2722 61 26 The
2428 2720 170 28 defendant's
2610 2728 63 18 case
2685 2717 93 28 closed
2793 2717 73 27 here.

2241 2763 57 28 Mr.
2319 2761 142 28 Plow's
2476 2756 109 39 shortly
2606 2756 149 28 addressed
2777 2753 48 28 the
2850 2752 72 38 Jury
2936 2758 37 20 on
2995 2748 47 28 the
3061 2747 41 28 evi-

2202 2800 97 27 dence.

2238 2830 63 34 Toe
2313 2836 97 28 Curer
2421 2833 124 28 Juana
2557 2830 64 30 read
2635 2838 65 19 over
2714 2828 45 28 the
2779 2826 132 28 evidence
2923 2829 31 22 to
2976 2824 46 28 the
3035 2822 81 37 Jury,

2207 2874 117 35 leaving
2333 2872 25 27 it
2370 2877 30 21 to
2409 2871 76 26 them
2494 2874 27 22 to
2531 2867 96 28 decide
2637 2864 124 28 whether
2781 2864 46 27 the
2839 2862 155 27 defendant
3006 2859 54 27 had
3076 2868 28 18 ac-

2203 2911 125 27 counted
2344 2908 44 28 for
2399 2906 40 30 all
2448 2906 47 27 the
2507 2911 99 30 money
2620 2902 35 28 be
2668 2901 53 28 had
2730 2900 124 28 received
2863 2898 43 27 for
2915 2898 47 27 the
2974 2894 143 40 plaintiff's

2206 2955 58 20 use.

2241 2976 64 33 The
2314 2981 74 35 Jury
2401 2978 113 32 retired,
2523 2976 103 34 taking
2639 2974 66 28 with
2724 2973 77 28 them
2820 2970 37 28 all
2878 2970 47 27 the
2939 2975 109 28 papers,
3061 2965 54 27 and

2206 3018 30 30 in
2250 3018 86 27 about
2348 3026 15 18 a
2374 3021 111 32 quarter
2497 3013 32 28 of
2546 3021 38 19 an
2610 3015 71 22 hour
2702 3009 129 28 returned
2849 3017 18 19 a
2885 3005 106 30 verdict
3009 3004 43 26 fur
3071 3004 46 26 the

2205 3052 230 39 plaintiff-194/.
2448 3052 43 26 48.
2502 3050 46 28 4d.

2378 3132 163 31 LONDON
2562 3128 376 32 SESSIONS.—MoNDAY.

2246 3208 92 27 These
2370 3204 130 28 Sessions
2525 3201 176 30 commenced
2725 3198 56 28 this
2807 3197 133 31 morning
2965 3194 91 27 before
3073 3193 47 26 the

2207 3244 79 30 usual
2307 3242 78 30 Civic
2400 3241 130 32 Officers,
2542 3239 57 28 Mr.
2609 3239 133 27 Common
2756 3236 137 34 Sergeant
2906 3231 136 28 DINMAN
3057 3239 45 27 pre-

2212 3283 105 34 siding.

2476 3309 242 33 ATTEMPTED
2738 3307 112 30 RAPE.

2246 3356 78 28 John
2340 3354 129 37 Hughes,
2489 3361 14 18 a
2511 3360 69 19 man
2604 3348 122 28 between
2751 3347 76 34 sixty
2845 3343 53 31 and
2919 3346 113 32 seventy
3046 3348 80 30 years

2212 3394 31 26 of
2250 3400 63 26 age,
2327 3402 53 18 was
2385 3385 130 33 indicted
2531 3389 41 26 for
2584 3386 157 31 assaulting
2761 3384 54 26 and
2837 3380 169 37 attempting
3020 3384 28 21 to
3070 3378 43 27 vio-

2215 3430 53 26 late
2280 3430 47 28 the
2341 3436 98 27 person
2458 3426 32 27 of
2507 3424 79 28 Eliza►
2611 3423 39 27 Le
2670 3420 102 32 Ileare,
2798 3428 17 19 a
2833 3418 76 28 little
2924 3416 56 35 girl
3005 3415 67 35 only
3083 3415 43 26 six

2215 3474 78 27 years
2311 3465 31 27 of
2353 3472 61 27 age.
2451 3462 60 26 Tae
2524 3459 130 27 evidence
2665 3457 33 27 of
2712 3457 44 26 the
2766 3455 77 28 child
2858 3454 71 34 fully
2942 3450 123 28 satisfied
3079 3450 46 27 the

2216 3506 85 25 Court
2311 3501 32 30 of
2359 3501 46 27 the
2419 3497 73 38 guilt
2505 3497 31 27 of
2557 3496 48 28 the
2628 3493 125 31 accused.
2790 3491 63 27 The
2877 3489 100 27 details
3000 3496 69 17 were
3081 3491 46 21 too

2215 3539 163 35 disgusting
2395 3537 43 27 for
2459 3533 180 39 publication.
2678 3530 43 27 He
2735 3529 106 28 enticed
2858 3527 48 27 her
2926 3526 61 27 into
3011 3523 41 27 his
3066 3522 61 28 hed•

2217 3583 76 20 roam
2306 3575 52 28 and
2372 3578 51 34 put
2446 3573 48 27 her
2515 3570 60 28 into
2601 3568 44 28 his
2669 3566 61 32 bed,
2750 3567 56 27 and
2820 3565 45 26 the
2880 3569 202 28 consequences
3097 3559 31 27 of

2217 3612 43 28 his
2277 3618 117 28 outrage
2407 3618 72 27 upon
2491 3609 48 26 her
2552 3613 183 30 persurawere
2745 3601 65 28 fatal
2822 3606 31 24 to
2864 3601 48 26 her
2926 3596 203 30 health.—The

2218 3650 125 37 prisoner
2355 3657 53 19 was
2421 3645 84 30 found
2519 3643 106 38 IJuilty,
2639 3640 52 28 and
2722 3639 70 28 after
2805 3646 34 19 en
2865 3635 116 28 address
2995 3635 70 26 from
3081 3634 46 26 the

2219 3685 122 30 Learned
2359 3685 97 34 Judge
2477 3691 73 30 upon
2577 3681 47 26 the
2642 3677 137 38 enormity
2792 3676 32 27 of
2842 3673 43 28 his
2906 3672 97 32 crime,
3027 3670 33 28 be
3076 3678 52 19 was

2219 3722 145 30 sentenced
2380 3728 27 21 to
2421 3720 93 27 twelve
2528 3716 122 31 months'
2661 3715 222 37 imprisonment,
2897 3711 53 27 and
2967 3715 28 22 to
3015 3707 33 27 be
3064 3707 66 35 kept

2219 3765 27 21 to
2259 3759 69 26 hard
2343 3758 105 27 labour.

2254 3795 100 27 James
2370 3794 94 30 Dean.
2477 3801 18 18 a
2515 3798 64 28 very
2591 3785 252 37 dashing-looking
2861 3789 100 30 young
2973 3780 92 31 tailor,
3077 3785 56 19 was

2220 3830 123 27 indicted
2365 3831 41 26 for
2430 3827 154 34 assaulting
2596 3835 17 18 a
2635 3824 113 27 brother
2781 3819 170 38 ninth-part,
2978 3815 89 28 under
3081 3815 47 26 the

2219 3866 146 37 following
2386 3866 219 27 circumstances
2619 3870 45 19 :

2255 3904 64 27 The
2331 3902 152 27 defendant
2505 3909 54 18 was
2581 3896 131 31 indebted
2722 3901 30 21 to
2772 3894 48 28 the
2842 3891 195 38 Complainant
3047 3891 28 25 to
3087 3885 46 27 the

2219 3944 116 25 amount
2342 3939 32 26 of
2386 3948 54 17 one
2461 3937 116 37 guinea,
2589 3935 54 26 and
2657 3933 110 35 finding

2776 3940 13 34 .
2789 3940 14 34 a
2815 3928 133 33 difficulty
2970 3927 28 26 in
3022 3922 110 37 getting

2223 3976 74 38 paid,
2309 3976 34 26 he
2365 3973 162 28 summoned
2537 3973 57 27 him
2610 3978 28 20 to
2661 3978 100 28 appear
2776 3976 26 19 to
2816 3967 46 26 the
2875 3966 87 26 Court
2975 3961 31 27 of
3021 3959 97 30 Consci-

2222 4020 78 22 ence,
2323 4017 28 22 at
2365 4010 91 28 which
2479 4010 67 27 time
2559 4009 46 26 the
2629 4007 125 37 prisoner
2767 4002 63 38 paid
2851 4010 34 18 on
2906 4002 117 26 account
3035 3997 35 26 Ss.
3086 3994 47 26 but

2223 4048 103 32 failing
2342 4052 32 22 to
2393 4056 54 27 pay
2464 4046 48 26 the
2523 4045 124 28 balance,
2666 4042 145 27 execution
2831 4046 54 18 was
2907 4036 83 28 taken
3009 4039 57 25 out,
3079 4030 53 27 and

2225 4085 47 28 the
2295 4084 156 30 Defendant
2472 4091 56 19 was
2552 4085 63 22 sent
2640 4084 31 21 to
2691 4078 48 27 the
2760 4076 141 32 Compter.
2939 4072 79 26 After
3032 4070 35 25 lie
3081 4067 52 27 had

2222 4123 67 27 been
2304 4124 77 24 there
2395 4122 40 26 for
2461 4126 76 19 some
2552 4117 66 27 time
2634 4115 37 27 he
2683 4117 60 24 sent
2763 4111 43 27 for
2823 4108 200 37 Complainant
3035 4111 28 20 to
3077 4102 57 28 call

2223 4167 74 27 upon
2317 4157 66 26 him.
2417 4153 195 38 Complainant
2630 4154 80 24 went,
2722 4147 53 27 and
2796 4154 65 27 very
2880 4153 67 18 soon
2962 4139 169 32 afterwards,

2222 4204 67 19 sans
2308 4191 162 32 cereasonie,
2503 4198 56 19 was
2582 4195 67 26 very
2670 4182 156 34 uncouthly
2848 4180 96 35 placed
2972 4178 87 28 under
3084 4178 50 25 the

2225 4241 85 25 pump
2334 4231 27 26 in
2383 4230 47 26 the
2453 4226 93 37 prison
2565 4224 79 38 yard,
2665 4220 53 28 and
2741 4217 116 39 pumped
2880 4224 76 28 upon
2974 4215 30 26 in
3026 4222 17 18 a
3066 4217 71 22 most

2224 4267 126 28 dreadful
2361 4274 87 18 -origin
2454 4272 40 20 et'.

2259 4305 61 26 The
2331 4303 70 34 Jury
2417 4299 86 27 found
2516 4298 47 26 the
2576 4294 124 38 prisoner
2709 4291 109 37 guilty,
2830 4289 52 28 and
2898 4289 33 26 lie
2946 4297 53 18 was
3008 4289 113 24 sentenc-

2225 4339 33 27 ed
2280 4344 30 21 to
2336 4339 33 26 be
2392 4333 174 39 imprisoned
2591 4332 40 26 for
2654 4336 56 21 two
2730 4326 123 31 months,
2865 4325 53 26 and
2937 4324 67 35 kept
3022 4326 28 21 at
3069 4319 69 27 hard

2228 4375 110 28 labour.

2311 4441 231 35 MIDDLESEX
2562 4437 194 32 SESSIONS,
2777 4433 132 38 Monday,
2930 4429 66 30 Feb.
3009 4428 41 30 16.

2611 4504 58 4 —-

2267 4533 93 28 These
2369 4530 123 30 sessions
2499 4522 174 33 commenced
2685 4521 94 37 to-day
2791 4518 92 31 before
2894 4517 54 27 Mr.
2959 4517 111 30 CONIT,
3087 4511 54 31 and

2231 4580 15 19 a
2261 4569 90 27 bench
2365 4567 32 27 of
2408 4566 188 28 Magistrates.
2670 4573 7 5 •

2267 4605 120 27 Thomas
2401 4602 106 27 Clifton
2520 4607 56 19 was
2587 4594 123 31 indicted
2730 4594 43 26 for
2781 4600 37 20 an
2841 4589 113 33 assault.
2970 4586 69 28 with
3054 4586 90 27 intent

2237 4646 28 21 to
2280 4638 112 28 commit
2404 4646 18 18 a
2428 4645 73 26 rape.
2520 4641 72 28 upon
2613 4632 115 26 Martha
2739 4628 136 38 Mayhew.

2270 4676 59 28 The
2359 4671 180 40 prosecutrix.
2556 4677 35 19 an
2604 4667 96 28 artless
2713 4672 96 27 young
2822 4669 117 24 woman,
2960 4658 32 27 18
3015 4665 77 28 years
3117 4655 31 28 of

2230 4722 63 24 age,
2311 4719 77 20 came
2409 4709 69 27 from
2504 4704 118 38 Ipswich
2646 4709 30 22 to
2696 4701 128 30 Landon,
2843 4707 17 19 a
2884 4698 50 27 few
2954 4696 112 26 months
3080 4701 65 26 ego,

2233 4750 67 27 with
2324 4757 15 18 a
2363 4741 249 33 recommendation
2634 4744 30 22 to
2688 4739 53 26 Mr.
2757 4735 99 35 Wiley,
2872 4733 33 27 of
2926 4731 120 27 Camden
3061 4735 85 25 town,

2235 4787 63 26 who
2317 4783 66 28 took
2408 4783 51 26 her
2487 4780 60 28 into
2572 4779 44 25 his
2634 4776 102 27 service
2748 4781 30 19 as
2790 4778 116 28 nursery
2919 4767 84 30 maid.
3038 4766 46 27 On
3100 4765 46 27 the

2236 4822 53 34 day
2301 4820 57 28 laid
2372 4820 30 25 in
2413 4818 48 26 the
2473 4817 174 26 indictment,
2668 4811 53 25 Mr.
2735 4808 90 34 Wiley
2836 4806 56 26 and
2908 4804 43 27 his
2965 4802 97 35 family
3076 4805 71 22 went

2236 4863 28 21 to
2278 4854 85 39 spend
2379 4856 45 25 the
2437 4852 54 33 day
2505 4850 66 26 with
2582 4857 17 19 a
2610 4847 53 26 Mr.
2674 4845 96 30 Jones,
2783 4843 30 26 in
2823 4840 257 33 Finsbury-square.
3110 4835 39 26 At

2235 4894 18 26 8
2258 4890 107 31 o'clock
2378 4890 27 26 in
2415 4889 46 26 the
2469 4886 129 32 evening,
2607 4883 79 26 there
2695 4883 47 24 not
2751 4877 85 35 being
2846 4884 74 19 room
2931 4873 112 33 enough
3054 4873 27 25 in
3094 4870 52 27 Mr.

2238 4928 113 39 Wiley's
2365 4923 118 31 vehicle.
2497 4923 33 26 be
2541 4925 58 22 sent
2607 4920 46 26 the
2666 4912 170 40 prosecutrix
2846 4912 79 27 home
2939 4909 37 37 by
2982 4916 15 20 a
3011 4904 122 37 Padding-

2238 4972 47 21 ton
2304 4970 87 30 stage,
2404 4970 37 18 on
2456 4958 90 27 which
2559 4957 46 26 the
2613 4951 149 30 defendant
2773 4954 43 22 sat
2833 4957 32 18 as
2885 4945 66 31 cad,
2972 4954 32 19 or
3015 4944 132 28 assistant

2239 5008 27 20 to
2280 5001 47 27 the
2339 4997 162 28 coachman.
2536 4993 63 26 The
2608 4985 174 40 prosecutrix
2793 4982 105 30 desired
2911 4983 61 26 that
2985 4980 51 28 she
3048 4977 99 28 should

2238 5039 40 26 be.
2287 5040 51 31 put
2349 5034 80 27 down
2446 5036 28 21 at
2486 5027 168 30 Totten:ana
2674 5020 159 32 court-road
2843 5030 9 20 ;
2872 5016 111 28 instead
3004 5015 32 27 of
3057 5013 90 27 which

2241 5074 58 32 she,
2324 5074 48 24 not
2385 5067 136 33 knowing
2532 5065 47 26 the
2590 5061 126 30 different
2728 5063 76 30 parts
2816 5055 33 28 of
2869 5055 48 27 the
2936 5057 86 26 town,
3043 5057 54 19 was
3110 5055 28 20 ta-

2239 5111 54 27 ken
2306 5117 37 19 on
2356 5112 27 21 to
2404 5102 190 34 Paddington.
2631 5096 84 35 Upon
2728 5093 110 35 boding
2859 5088 105 28 herself
2989 5088 87 30 there,
3102 5085 51 28 sbe

2241 5141 197 32 remonstrated
2456 5138 65 28 with
2535 5135 47 28 the
2594 5131 162 31 defendant.
2764 5130 64 26 who
2836 5126 60 30 told
2910 5125 48 27 her
2970 5122 64 28 that
3045 5122 34 26 he
3094 5120 53 28 bad

2241 5179 124 35 brought
2385 5178 50 25 her
2451 5181 48 22 on.
2518 5172 116 27 because
2657 5169 34 26 he
2705 5164 103 30 wished
2822 5164 51 26 her
2883 5166 30 22 to
2928 5159 57 30 ride
3000 5158 66 27 with
3080 5158 70 31 him,

2243 5218 50 26 hat
2302 5215 60 27 that
2370 5212 37 27 be
2422 5207 90 30 would
2520 5211 94 24 return
2630 5198 197 37 immediately,
2841 5197 54 27 and
2908 5202 44 21 set
2965 5194 50 27 her
3026 5194 81 26 down
3120 5196 30 22 at

2242 5254 48 26 the
2303 5250 76 35 place
2391 5248 50 26 she
2456 5243 54 30 had
2522 5238 165 32 mentioned.
2726 5233 111 30 Instead
2846 5233 33 26 of
2890 5231 102 31 which,
3012 5229 136 31 however,

2246 5288 92 26 before
2359 5284 50 27 she
2431 5282 81 26 knew
2524 5280 91 26 where
2628 5275 48 26 she
2689 5281 64 22 was,
2776 5271 50 27 she
2836 5268 89 30 found
2939 5265 103 28 herself
3050 5270 31 22 at
3100 5264 47 27 the

2244 5322 71 30 back
2341 5320 32 28 of
2396 5319 47 27 the
2476 5314 90 31 Sank.
2621 5311 71 26 Here
2738 5306 86 37 again
2863 5306 48 26 she
2941 5298 211 33 remonstrated,

2246 5359 56 28 and
2349 5352 125 32 received
2520 5359 19 19 a
2598 5344 104 30 similar
2747 5350 112 22 answer,
2919 5339 65 28 with
3038 5336 116 28 another

2249 5400 156 24 assurance,
2415 5391 59 26 that
2487 5387 48 27 she
2546 5382 99 34 should
2657 5382 33 26 be
2702 5385 41 24 set
2754 5378 83 35 d.wn
2851 5382 28 21 st
2885 5374 253 30 Tottenham-..ourt-

2249 5431 64 28 road
2340 5435 37 20 on
2404 5425 74 27 their
2496 5428 104 21 return.
2639 5417 71 28 This
2731 5422 146 20 assurance
2898 5421 53 19 was
2981 5409 59 28 also
3070 5408 72 27 disre-

2254 5464 112 38 garded,
2396 5461 53 27 and
2473 5460 47 26 the
2546 5453 172 38 prosecutrix
2750 5459 69 17 once
2848 5458 78 18 more
2947 5446 86 30 found
3057 5443 103 30 herself

2249 5504 28 26 in
2315 5502 47 26 the
2393 5493 164 37 coach-yard
2606 5494 30 21 at
2672 5487 189 33 Paddington.
2915 5484 57 28 The
3002 5479 152 30 defendant

2251 5536 80 35 again
2368 5530 117 30 excused
2523 5525 119 31 himself,
2679 5523 56 26 and
2772 5520 61 27 said
2872 5520 33 26 he
2944 5528 59 19 was
3039 5515 115 33 turning

2252 5580 28 21 to
2319 5570 46 27 the
2400 5565 89 30 Bank.
2528 5562 53 27 and
2619 5558 92 27 would
2740 5557 152 37 positively
2924 5559 41 24 set
2996 5554 50 27 her
3074 5550 80 27 down

2255 5609 77 28 then.
2370 5604 43 27 He
2426 5601 57 28 told
2499 5598 58 33 her,
2567 5598 137 28 however,
2717 5593 59 30 that
2791 5594 35 27 be
2841 5602 54 19 was
2906 5593 86 27 about
3012 5585 142 34 changing

2252 5647 100 27 bores,
2366 5641 53 27 and
2434 5636 117 31 bidding
2569 5635 50 26 her
2637 5637 47 27 get
2696 5633 61 26 into
2779 5631 46 26 the
2846 5629 97 32 coach,
2970 5630 32 24 be
3014 5630 41 22 set
3073 5623 83 27 about

2259 5679 100 33 taking
2378 5678 47 26 the
2444 5676 97 24 horses
2554 5670 71 26 from
2639 5669 31 27 it.
2707 5668 57 26 She
2776 5672 28 22 at
2817 5666 61 28 first
2898 5662 126 30 declined
3050 5657 109 39 getting

2254 5715 98 28 inside,
2370 5712 48 27 but
2443 5711 25 25 it
2491 5707 81 33 being
2598 5704 67 26 then
2685 5704 92 26 eleven
2796 5701 119 31 o'clock,
2939 5699 53 27 and
3013 5699 33 25 be
3070 5702 73 27 repre-

2255 5748 112 35 seating
2381 5752 28 22 to
2430 5746 48 27 her
2492 5744 60 26 that
2561 5740 48 28 she
2620 5738 92 28 would
2733 5738 64 30 take
2815 5737 74 32 cold,
2900 5735 50 27 she
2965 5738 70 22 went
3045 5731 37 27 in.
3120 5730 39 25 As

2256 5794 66 20 soon
2343 5793 28 19 as
2385 5784 48 27 the
2451 5780 150 28 defendant
2614 5780 50 32 put
2676 5783 35 28 up
2728 5774 46 26 the
2787 5774 104 28 horses,
2913 5772 33 26 he
2965 5774 51 31 got
3037 5767 58 27 into
3113 5765 46 26 the

2230 5804 1 51 I
2257 5820 94 32 coach.
2372 5820 53 26 and
2448 5812 150 43 proceeded
2628 5817 27 22 to
2678 5809 169 37 accomplish
2871 5807 44 28 his
2927 5804 93 30 brutal
3032 5807 118 32 purpose

2230 5838 1 53 I
2259 5859 58 30 She
2326 5854 145 38 struggled
2484 5852 44 28 for
2544 5858 74 20 some
2636 5846 64 28 time
2715 5845 71 28 until
2807 5850 48 22 she
2880 5841 115 33 fainted,
3011 5838 54 28 and
3085 5844 74 28 upon

3087 278 161 32 recovering
3273 275 50 26 she
3345 279 56 18 was
3420 269 79 26 alone
3511 267 30 26 in
3561 267 46 26 the
3625 266 96 27 coach.
3757 266 61 26 The
3841 266 145 30 defendant

3087 322 74 19 came
3183 319 28 21 to
3224 313 47 27 the
3281 306 171 31 coach-door
3465 302 53 27 and
3547 304 37 26 let
3607 304 48 25 her
3678 309 59 20 out,
3757 302 52 26 and
3831 302 102 30 ['nein
3946 313 27 17 ac-

3089 348 162 34 companied
3270 347 52 27 her
3344 351 54 19 one
3411 339 124 28 hundred
3561 338 91 37 yards,
3676 339 47 25 she
3743 343 48 27 got
3814 337 57 26 into
3885 347 14 14 a
3913 340 61 25 hack-

3091 383 148 38 ney-coach
3250 393 8 21 ;
3275 380 54 27 and
3350 387 31 17 as
3392 384 66 18 soon
3471 384 30 18 as
3514 374 50 26 she
3574 374 115 25 reached
3709 373 79 26 home
3801 373 47 26 she
3859 373 130 28 informed

3091 420 50 27 her
3148 420 122 26 mistress
3281 416 31 28 of
3322 415 37 26 all
3371 415 63 26 that
3446 410 54 27 had
3516 407 139 35 happened
3671 415 27 19 to
3712 407 59 27 her.

3126 457 61 27 The
3201 455 152 27 defendant
3365 458 53 17 was
3431 446 84 28 found
3526 444 105 35 Guilty,
3648 444 52 27 and
3715 443 143 27 sentenced
3867 446 26 24 to
3904 444 90 28 twelve

3092 493 119 28 months'
3231 489 211 39 imprisonment
3454 483 57 28 and
3527 482 70 27 hard
3619 481 96 28 labour
3739 480 28 27 in
3790 480 46 28 the
3863 481 89 27 House
3965 483 30 26 of

3093 529 170 28 Correction.

3130 566 149 25 Ateo•reen
3299 561 136 26 ASSAULT
3446 554 157 28 —Richard
3622 552 90 41 Lilley
3735 560 56 18 was
3814 552 118 26 indicted
3956 554 38 25 for

3098 600 155 31 assaulting
3275 595 145 27 Elizabeth
3446 589 145 32 Stertford,
3611 589 65 25 with
3696 592 90 21 intent
3807 592 27 20 to
3856 589 106 26 commit
3984 602 15 14 a

3099 634 106 30 similar
3216 632 104 30 offence
3340 635 28 21 to
3386 630 59 26 that
3456 625 123 39 imputed
3592 630 31 21 to
3633 625 47 25 the
3702 622 51 26 last
3763 621 156 28 defendant.

3135 671 57 27 Mr.
3204 671 151 26 CURWOOD
3367 664 156 30 conducted
3539 663 46 27 the
3607 659 184 38 prosecution,
3809 659 52 26 and
3876 658 53 28 Mr.
3943 660 56 28 Ax-

3102 715 100 19 DRIMS
3216 706 48 25 the
3278 705 123 25 defence.

3133 742 64 26 The
3210 738 178 37 prosecutrix,
3407 735 64 26 who
3493 733 24 26 is
3541 741 18 19 a
3580 730 109 31 widow,
3706 729 99 31 stated,
3824 728 59 26 that
3905 738 33 17 on
3957 732 45 26 the

3102 777 67 28 29th
3195 775 32 28 of
3244 774 63 28 Dec.
3333 772 61 32 last,
3416 771 48 27 the
3487 769 125 37 prisoner
3633 770 71 22 went
3716 770 30 20 to
3759 765 48 25 her
3820 763 137 33 lodgi'igs,
3974 768 13 27 i
3987 768 13 27 n

3107 811 246 31 Windmill-street,
3372 806 180 39 Spitalfields,
3570 806 65 28 and,
3656 802 71 28 after
3746 798 120 30 fruitless
3888 802 89 28 solicit
3977 802 26 28 -

3105 852 81 30 tions,
3206 844 189 31 endeavoured
3409 852 30 19 to
3450 843 80 27 effect
3555 842 44 26 his
3619 839 90 38 object
3732 839 112 33 against
3869 837 46 27 her
3943 840 59 28 will.

3107 886 57 27 She
3177 883 113 27 resisted
3305 881 59 28 him
3376 878 188 35 successfully,
3573 875 54 28 and
3641 878 34 24 he
3686 880 69 20 went
3767 882 85 26 away,
3870 874 133 37 declaring

3107 922 61 26 that
3187 920 50 27 she
3255 918 54 28 had
3325 922 47 20 not
3384 917 48 26 the
3442 919 97 22 nature
3552 921 32 18 or
3608 912 47 26 the
3678 909 117 28 feelings
3819 908 31 27 of
3866 917 15 18 a
3907 917 96 21 woman

3107 957 85 28 about
3206 956 59 26 her.
3301 954 58 27 She
3372 951 58 27 told
3444 950 48 27 her
3519 948 111 27 brother
3648 946 72 26 what
3741 944 53 27 had
3819 946 125 25 occurred
3963 947 41 27 the

3112 998 63 22 next
3189 992 65 37 day,
3270 989 53 30 and
3338 989 46 27 the
3394 986 149 28 defendant
3557 993 53 18 was
3621 981 81 27 taken
3717 990 45 28 up.

3086 1016 1 41 •
3146 1030 69 27 Two
3229 1028 137 27 witnesses
3379 1033 71 19 were
3462 1020 87 30 called
3565 1020 43 27 for
3625 1020 47 26 the
3690 1018 122 30 defence,
3826 1016 60 27 who
3895 1016 87 31 &sea-

3086 1054 1 44 '
3115 1067 31 26 rd
3172 1067 47 26 the
3226 1064 123 27 conduct
3357 1062 32 27 of
3399 1062 46 25 the
3455 1057 171 40 prosecutrix
3633 1067 28 17 as
3671 1055 104 34 having
3785 1054 66 26 been
3865 1054 144 39 indecently

3086 1090 1 39 r
3116 1101 119 28 familiar
3246 1098 65 27 with
3322 1098 48 27 the
3385 1096 151 27 defendant
3550 1094 91 26 before
3656 1093 46 26 the
3716 1090 109 32 alleged
3835 1090 107 31 assault,
3963 1094 46 25 and

3116 1139 28 26 in
3164 1143 196 30 consequence,
3389 1135 47 25 the
3459 1131 72 34 Jury
3552 1127 174 39 pronounced
3746 1135 17 17 a
3787 1126 100 26 verdict
3909 1126 30 27 of
3959 1126 50 30 Nut

3117 1170 106 30 Guilty.

3504 1237 146 28 POLICE.

3159 1328 393 37 BOW-STRIZT.-lestenlay
3568 1324 125 30 Michael
3711 1323 115 37 Keeley,
3844 1333 15 19 a
3879 1326 136 35 sun-burnt

3128 1371 228 27 weather-beaten
3389 1367 148 28 Irishman,
3567 1371 54 18 was
3654 1361 125 30 brought
3810 1363 67 25 from
3905 1363 78 28 Coven
3983 1363 15 28 ,
3998 1363 17 28 .

3124 1407 111 30 Garden
3249 1406 198 30 watch-house,
3459 1400 120 33 charged
3604 1398 67 27 with
3685 1396 220 38 robbing:Mary
3919 1398 80 32 Pugin-

3129 1453 61 27 ger,
3201 1453 18 18 a
3230 1452 67 28 poor
3309 1442 152 28 laundress,
3474 1439 32 26 of
3517 1437 53 27 Its.
3583 1436 46 27 S.I.

3161 1479 64 26 The
3233 1476 172 37 prosecutrix
3420 1480 72 20 went
3509 1482 35 17 on
3569 1470 141 34 Saturday
3723 1470 83 30 night
3826 1475 26 20 to
3869 1470 57 26 take
3938 1472 77 27 home

3133 1524 73 19 some
3219 1514 76 26 linen
3317 1518 30 20 to
3360 1520 15 18 a
3387 1511 154 26 tradesman
3552 1508 28 26 in
3594 1508 43 25 St.
3650 1505 211 31 Martin's-lane,
3883 1507 38 25 fur
3934 1509 80 26 which

3128 1552 48 26 she
3189 1548 123 28 received
3335 1547 46 28 the
3402 1556 59 18 sum
3484 1543 168 30 mentioned,
3665 1543 54 25 and
3738 1550 34 18 on
3789 1543 48 26 her
3861 1551 57 26 way
3943 1544 69 27 holm!

3130 1587 123 33 through
3275 1585 80 32 Long
3380 1583 81 31 Acre,
3483 1581 48 26 she
3552 1589 53 17 was
3625 1579 126 25 accosted
3772 1579 34 35 by
3826 1578 45 27 the
3895 1579 123 35 prisoner,

3157 1623 40 27 ith
3265 1620 48 34 My
3335 1618 72 35 good
3430 1616 69 28 oald
3516 1615 76 33 lady.
3606 1622 50 18 can
3676 1622 54 27 you
3754 1615 86 26 direct
3865 1624 39 17 me
3926 1620 26 21 to
3976 1626 40 27 my

3135 1659 92 26 native
3241 1662 119 27 country
3476 1651 94 27 ►there
3582 1650 22 26 is
3624 1649 60 28 that
3751 1652 133 25 answered
3901 1654 44 25 the
3960 1659 56 27 pt.,.

3132 1695 130 28 secutrix.
3319 1693 43 26 St.
3380 1685 109 33 Giles's,
3498 1693 28 20 to
3541 1687 33 27 be
3691 1685 120 38 rejoined
3827 1687 44 27 the
3882 1688 117 34 prisoner
4010 1700 7 21 ;

3133 1731 53 26 and
3239 1739 56 18 was
3343 1723 187 35 imme&ately
3565 1722 105 28 desired
3707 1723 34 37 by
3776 1723 65 28 Mrs.
3886 1724 135 35 Puttinger

3141 1775 27 20 to
3215 1775 37 27 go
3289 1772 37 19 on
3363 1761 73 28 until
3485 1761 33 26 he
3553 1768 74 18 came
3663 1765 28 20 to
3729 1759 90 37 Drury
3857 1759 83 32 Lane,
3974 1761 48 27 and

3135 1804 67 27 then
3228 1807 66 22 turn
3332 1806 30 19 to
3381 1799 48 25 the
3448 1796 60 27 left.
3544 1794 116 32 Instead,
3687 1795 131 32 however,
3847 1796 31 26 of
3893 1796 132 35 pursuing

3136 1839 47 27 the
3203 1837 67 38 path
3283 1834 119 28 directed
3419 1834 34 25 he
3469 1831 65 37 kept
3557 1831 72 27 close
3644 1831 141 37 alongside
3798 1832 65 28 Mrs.
3883 1831 141 37 Pottinger

3132 1877 66 25 until
3208 1876 59 32 they
3279 1880 73 19 came
3365 1876 26 20 to
3399 1873 44 21 the
3449 1876 92 19 corner
3549 1869 30 25 of
3587 1867 159 33 Long-alley,
3756 1869 72 25 when
3836 1870 30 25 he

3135 1912 46 24 her
3193 1909 85 27 round
3289 1907 43 25 the
3345 1905 87 28 waist,
3445 1904 60 28 and,
3528 1902 125 31 thrusting
3664 1902 41 25 his
3715 1902 65 26 hand
3791 1902 53 26 into
3860 1903 44 25 her
3924 1904 99 31 pocket,

3132 1945 63 22 took
3208 1948 46 19 out
3267 1941 71 25 what
3348 1945 92 22 money
3467 1937 45 24 s'm
3523 1935 48 25 had
3592 1935 80 27 there,
3689 1935 116 30 together
3827 1935 60 25 with
3898 1943 15 17 a
3934 1943 71 24 pawn-

3136 1976 119 26 broker's
3269 1974 142 32 duplicate.
3446 1969 43 25 He
3507 1976 46 18 ran
3566 1967 44 31 off,
3622 1967 45 24 but
3685 1972 52 19 was
3754 1969 107 30 pursued
3873 1969 32 30 by
3917 1968 41 25 the
3969 1975 43 24 pro-

3132 2008 125 30 secutrix,
3270 2008 56 24 who
3335 2004 85 26 called
3547 2001 67 25 thief
3677 1998 48 24 and
3737 2000 31 24 he
3780 2007 52 15 was
3844 2001 104 30 stopped
3960 2002 34 28 by
4005 2007 15 17 a

3133 2049 58 17 man
3203 2044 27 20 at
3241 2041 43 24 the
3296 2040 98 24 bottom
3407 2037 32 22 of
3454 2036 57 28 Leg
3530 2033 79 32 alley.
3641 2031 58 24 The
3720 2031 126 30 duplicate
3868 2031 48 22 and
3935 2039 90 24 money

3132 2072 207 34 corresponding
3358 2070 63 25 with
3437 2069 56 25 that
3508 2067 53 25 lost
3579 2067 33 31 by
3631 2065 43 25 the
3689 2065 162 32 prosecutrix
3869 2070 65 17 were
3951 2063 74 26 found

3133 2117 70 26 upon
3213 2108 63 25 him.

3167 2140 115 28 Michael
3292 2137 93 27 denied
3396 2135 44 26 the
3449 2135 105 31 charge,
3570 2132 51 26 and
3632 2130 120 27 declared
3774 2130 54 25 that
3843 2130 31 25 he
3889 2130 47 24 had
3948 2128 77 25 borne

3133 2184 15 18 a
3159 2176 72 32 good
3241 2173 136 27 charakter
3389 2170 37 25 all
3444 2169 41 26 his
3504 2164 239 30 life-time.—He
3758 2170 53 19 was
3827 2161 143 27 committed
3990 2161 35 26 fur

3133 2207 72 27 trial.

3416 2276 163 30 LONDON
3600 2272 197 30 MARKETS.

3356 2365 81 22 CORN
3449 2361 169 26 &NUANCE.
3635 2357 90 26 MAIL
3738 2357 87 25 LANE.

3169 2406 151 32 Quantities
3333 2406 51 24 and
3398 2404 89 26 Prices
3509 2404 32 24 of
3557 2400 99 26 British
3674 2400 79 28 Corn,
3776 2398 47 25 &c.
3844 2396 58 26 sold
3918 2398 50 25 and
3978 2398 57 25 deli.

3141 2443 80 26 vered
3243 2441 27 24 in
3282 2440 52 25 this
3347 2439 109 30 market,
3472 2435 96 32 during
3587 2434 43 25 the
3650 2434 73 25 week
3746 2431 83 26 ended
3840 2431 135 32 Saturday,
3994 2433 40 22 the

3142 2477 44 25 7th
3196 2476 31 26 of
3237 2474 74 26 Feb.
3326 2481 44 17 :

3402 2504 60 30 Qrs.
3591 2500 25 27 2
3663 2507 26 18 s.
3715 2499 26 25 (I.
3969 2503 21 19 s.
4013 2497 24 25 d.

3142 2542 97 25 Wheat
3393 2537 77 30 B,lBO
3487 2535 41 26 for
3544 2535 93 32 29,780
3659 2533 28 26 14
3704 2532 27 26 II
3750 2531 119 32 Average
3889 2546 56 7 ....
3963 2530 32 24 70
4022 2530 17 25 4

3142 2576 98 30 Barley

3142 2609 65 24 Oats
3211 2621 92 11 ......
3311 2620 57 11 ....
3387 2604 78 27 7,623
3483 2617 26 9 ..
3550 2601 85 30 11,241
3658 2600 31 25 lb
3720 2598 17 25 S

3145 2642 58 31 Rye
3396 2637 8 22 1
3419 2635 50 25 2S9
3488 2650 58 9 ....
3565 2630 56 43 2,24
3634 2630 13 43 S
3661 2630 27 43 11
3722 2630 19 25 9

3145 2675 86 24 Beans

3145 2708 84 22 Pease

3257 2777 85 20 PRICE
3356 2776 33 19 01
3402 2774 91 20 GRAIN
3503 2773 38 19 ON
3554 2773 94 19 HOARD
3661 2770 77 25 SNIP,
3746 2769 33 20 AS
3791 2767 97 20 UNDER
3896 2767 41 19 1.-•

3148 2841 104 27 Wheat,
3265 2838 54 28 red,
3335 2835 70 34 (old)
3503 2833 34 26 64
3553 2833 31 26 71
3619 2832 98 27 Beans,
3728 2828 85 31 small,
3826 2826 84 33 (new)
4015 2826 31 25 47

3150 2885 96 7 --
3265 2871 86 27 white,
3366 2868 71 33 (old)
3475 2868 64 24 —5O
3553 2868 34 25 78
3824 2861 71 32 (old)
3913 2859 90 25 ....46
4017 2859 30 24 50

3146 2917 98 9 ---
3261 2906 43 24 red
3317 2901 83 33 (new)
3441 2900 96 26 ....45
3552 2900 33 26 52
3726 2895 60 30 tick,
3798 2894 85 32 (new)
3912 2893 91 24 ....38
4018 2893 28 22 42

3148 2950 97 9 ---
3262 2939 52 24 fine

3262 2969 131 32 superfine
3444 2966 93 25 ....611
3553 2966 35 25 66
3620 2975 98 8 --
3728 2961 100 25 harrow
3840 2957 83 33 (new)
3944 2957 63 24 ..41)
4019 2957 28 24 46

3265 3002 78 24 white
3357 2998 84 34 (new)
3555 2998 34 25 64
3837 2989 71 34 (old)
3944 2989 61 25 ..42
4019 2991 28 22 47

3149 3048 96 8 --
3262 3035 52 24 fine
3506 3031 33 25 56
3554 3030 34 26 63
3619 3031 76 27 Oats,
3707 3026 58 26 feed
3977 3022 30 24 2s
4018 3021 30 24 211

3150 3080 94 8 ---
3260 3067 131 32 superfine
3504 3065 33 24 O7
3553 3065 33 24 70
3618 3072 142 9 •---
3776 3058 52 25 fins
3973 3056 31 22 25
4017 3056 30 24 27

3150 3104 67 30 By!),
3239 3107 56 18 new
3506 3097 33 24 49
3553 3096 35 25 46
3702 3091 103 27 Poland
3976 3086 32 25 24
4020 3087 28 22 27

3152 3135 97 30 Barley
3507 3130 32 24 B2
3556 3129 34 25 34
3620 3135 176 12 -----
3813 3122 52 25 fine
3976 3119 32 25 2B
4022 3120 30 22 30

3151 3178 97 7 --
3265 3167 52 24 fine
3510 3162 32 25 36
3557 3163 33 22 38
3707 3159 112 25 Potstoe
3839 3171 26 8 ..
3887 3152 120 26 ......24
4022 3152 31 25 28

3151 3211 98 7 ---
3266 3197 130 32 superfine
3416 3211 9 8 •
3448 3213 8 7 •
3467 3194 78 26 ..•38
3559 3194 34 25 40

3155 3231 69 26 Malt
3513 3227 33 25 6l
3560 3219 25 39 b
3608 3219 25 39 8
3657 3219 145 39 Scotch
3979 3219 30 24 3O
4023 3219 30 24 33

3155 3265 135 24 —fine
3511 3259 33 25 6O
3560 3259 34 25 04

3159 3300 92 27 Pease,
3265 3296 53 32 hog
3514 3293 32 25 36
3562 3292 34 26 39
3630 3292 89 27 Flour,
3730 3296 46 26 per
3785 3287 70 25 Sack
3979 3283 30 25 6O
4024 3283 30 24 65

3158 3344 86 7 -----
3262 3330 86 32 maple
3515 3327 32 25 37
3563 3327 30 24 41
3630 3335 76 8 --
3723 3321 116 26 Seconds
3876 3339 7 6 .
3889 3335 69 8 .....
3970 3318 41 24 .5S
4025 3317 30 24 62

3159 3378 87 7 --
3265 3365 78 24 white
3516 3361 28 24 4l
3565 3360 34 25 41
3630 3370 77 8 --
3726 3357 81 25 North
3820 3356 116 28 Country
3980 3352 30 22 .50
4025 3350 30 24 .51

3221 3410 24 7 --
3260 3398 99 25 boilers
3389 3411 73 9 .....
3515 3394 33 24 45
3566 3394 32 24 47
3632 3391 115 28 Pollard,
3756 3391 60 26 fine,
3829 3394 45 26 per
3886 3394 39 24 qr.
3951 3385 58 24 —l7
4025 3386 28 21 20

3159 3433 17 25 B
3176 3433 53 25 ran
3229 3433 18 25 t
3519 3428 30 24 Bl
3566 3426 34 25 31
3631 3426 71 22 Bran
3999 3418 15 22 8
4044 3416 13 24 9

3514 3493 128 26 SEEDS,
3659 3489 46 26 &c.

3369 3549 84 20 PRIER
3470 3547 37 19 ON
3520 3546 96 19 BOARD
3627 3543 65 18 SHIP
3705 3543 31 17 AS
3749 3540 109 20 UNDER.

3159 3582 94 25 Clover
3263 3579 56 26 red.
3331 3575 142 35 (Foreign)
3666 3576 45 24 per
3720 3572 60 20 cwt.
3881 3566 94 24 ...555.
3997 3565 35 22 100
4032 3565 25 22 s.

3267 3612 86 26 white,
3365 3607 92 34 (ditto)
3660 3602 175 24 ditt0.......
3857 3614 57 8 ....
3920 3600 54 22 60s.
4007 3598 51 24 04c.

3159 3659 93 9 --
3265 3645 54 27 red,
3331 3640 138 35 (English)
3663 3635 66 24 ditto
3922 3633 54 22 ohs.
3999 3631 60 25 lutis.

3159 3693 93 9 ---
3263 3678 86 30 white,
3361 3674 91 34 (ditto)
3660 3667 66 26 ditto
3892 3679 24 7 ..
3922 3665 53 25 70s.
4007 3664 52 26 Ms.

3162 3718 54 28 Rye
3227 3716 81 22 Grass
3665 3709 46 25 per
3720 3703 104 31 quarter
3921 3698 54 24 26e.
4007 3697 52 25 42-.

3159 3748 109 30 Turnip,
3280 3750 67 20 new,
3361 3742 78 25 white
3666 3742 46 25 per
3724 3732 87 26 bushel
3909 3732 65 22 .10s.
4013 3731 46 24 Pe.

3159 3791 97 8 --
3267 3780 43 21 red
3321 3775 50 24 and
3383 3780 79 25 green
3666 3768 66 24 ditto
3926 3763 52 25 10s.
4013 3763 46 22 ifle.

3159 3822 94 11 --
3267 3808 93 33 yellow
3378 3806 117 25 Swedes.
3667 3800 66 24 ditto
3938 3796 40 24 9,
4013 3794 7 25 I
4031 3795 28 22 Is.

3161 3843 128 28 Mustard,
3298 3840 77 25 white
3666 3831 66 25 ditto
3939 3829 38 24 7s.
4013 3827 46 24 Ili.

3161 3888 129 9 -----
3300 3874 100 25 brown.
3669 3865 65 26 ditto
3940 3862 40 24 Ss.
4015 3859 46 25 14s.

3161 3914 139 26 Carraway
3666 3905 45 25 par
3726 3899 59 22 cwt.
3863 3909 40 8 •••
3912 3894 69 25 sbOs.
4011 3894 50 24 525.

3161 3944 142 26 Coriander
3667 3931 66 25 ditto
3931 3928 51 24 los.
4015 3928 46 22 Iss.

3162 3977 110 26 Sanfoin
3669 3970 45 26 per
3724 3965 105 28 quarter
3927 3961 53 24 30s.
4011 3959 50 24 425.

3161 4009 103 27 Trefoil
3672 4003 45 26 per
3725 3999 50 20 cwt
3866 4010 24 6 ••
3898 4009 7 7 •
3913 3996 67 22 .245.
4017 3991 44 25 3Os.

3164 4044 128 31 Ribgrass
3667 4035 13 20 d
3685 4025 5 50 i
3694 4033 37 20 tto
3737 4045 6 6 .
3752 4044 39 7 ...
3817 4042 103 9 .......
3927 4028 52 22 365.
4010 4025 51 24 Nis.

3163 4080 113 27 Canary,
3289 4078 118 20 common
3667 4069 46 25 per
3722 4064 107 30 quarter
3928 4061 51 22 3fis.
4011 4058 50 22 461.

3162 4120 120 9 .--.......
3302 4107 52 25 fine
3666 4097 67 22 ditto
3930 4094 52 24 lis.
4011 4090 50 24 622.

3162 4144 83 24 Tares
3664 4135 45 26 per
3720 4127 103 26 bushel:
3944 4127 38 21 its.
4017 4123 37 22 lit
4059 4123 1 45 .

3164 4187 97 7 -----
3272 4172 185 30 Foreign.....
3672 4161 128 25 ditto....
3824 4172 100 11 .......
3945 4159 37 21 Os.
4028 4157 33 20 Os.

3165 4207 146 32 Ilempseed
3667 4201 46 25 per
3724 4196 150 28 quarter...
3896 4191 83 24 ..4415.
4007 4186 52 25 435.

3169 4240 110 26 Linseed
3289 4239 40 25 for
3341 4235 120 30 crushing
3472 4230 139 35 (foreign).
3667 4227 66 25 ditto
3927 4224 50 22 345.
4010 4221 51 22 424.

3165 4284 131 11 ----
3304 4271 51 25 fine
3369 4270 67 30 Eng.
3451 4269 40 22 for
3501 4264 113 31 sowing.
3625 4277 7 7 •
3641 4261 96 25 ..ditto
3930 4257 52 22 40s.
4012 4252 48 25 4.45.

3167 4305 149 32 Rapeseed.
3328 4309 66 20 new,
3407 4307 45 24 per
3465 4299 51 22 last
3901 4289 50 25 3O/.
3969 4291 25 20 to
4013 4284 47 25 311.

3170 4337 113 27 Linseed
3296 4335 43 25 Oil
3352 4329 124 30 Cake....
3476 4329 63 30 121.
3555 4329 41 24 Us.

3625 4325 107 25 012/
3732 4325 50 24 12s.
3794 4324 65 31 pe
3859 4322 70 24 1000.

3169 4372 76 31 Rape
3256 4368 72 26 Cake
3487 4361 89 35 6(.65.
3585 4363 28 20 to
3622 4359 35 25 71.
3669 4361 40 22 Os.
3726 4363 46 27 per
3781 4330 58 51 ton.r

3201 4437 89 25 PRIG►
3299 4441 34 18 or
3348 4428 198 30 BREAD.—The
3569 4427 71 32 price
3651 4427 33 25 of
3710 4424 44 26 the
3831 4420 69 27 Loaf
3915 4419 21 27 is
3948 4414 78 28 stated
4037 4415 22 22 at

3193 4472 39 25 Id.
3244 4472 33 30 by
3289 4469 44 24 the
3345 4466 47 27 full
3404 4462 87 35 priced
3508 4462 111 24 Bikers.

3383 4535 189 21 SMITHFIELD,
3602 4531 130 22 MONDAY,
3754 4530 65 18 FEB.
3844 4520 39 25 16.

3309 4566 91 25 Prices
3413 4563 120 26 returned
3547 4564 34 27 by
3592 4560 44 24 the
3646 4558 79 25 Clerk
3741 4557 31 25 of
3780 4557 43 24 the
3833 4553 111 26 Market.

3178 4609 53 20 PER
3243 4607 81 19 ST.OF
3331 4600 20 22 8
3358 4603 110 20 INDIUMS
3475 4592 122 35 (ALIVE.)
3883 4592 21 17 S.
3922 4584 26 22 d.
4009 4586 21 17 a.
4041 4577 20 24 d.

3417 4635 24 20 s.
3457 4629 26 24 d.
3549 4633 22 18 s.
3583 4626 28 22 d.
3643 4622 67 26 Veal
3730 4635 83 11 ......
3886 4616 104 24 soto
4005 4611 15 22 6
4050 4611 12 18 II

3176 4665 67 26 Beef
3420 4662 17 25 8
3468 4662 17 21 9
3501 4662 28 21 to
3546 4658 18 25 4
3596 4656 18 25 4
3646 4656 69 25 Pork
3741 4668 25 9 .•
3772 4669 7 7 .
3790 4649 112 27 •......4
3932 4646 61 22 8—
4007 4642 15 22 .1
4052 4639 14 22 4

3175 4672 155 53 Mutton
3406 4672 26 53 4
3458 4672 25 53 0
3548 4693 18 24 4
3596 4689 18 25 8
3648 4688 79 26 Lamb
3885 4683 15 22 U
3928 4680 61 21 0—
4004 4675 17 20 0
4048 4672 19 20 4.1)

3413 4733 109 20 CATTLE
3534 4731 35 18 AT
3583 4728 115 19 WARRET
3709 4727 67 19 THIS
3789 4723 66 19 DAY.

3224 4766 104 28 Beasts,
3339 4760 93 33 9,874;
3452 4759 105 28 Calves,
3578 4757 60 28 120;
3657 4756 96 28 Sheep,
3767 4750 100 28 18,0)0;
3883 4744 39 28 Pig
3922 4744 26 28 s,
3960 4737 57 26 o°.

3370 4812 137 20 ?MISDATE
3526 4811 19 18 II
3549 4808 92 19 AAAAA
3645 4818 9 13 ,
3681 4805 126 21 MONDAY,
3831 4799 59 19 FEB.
3907 4788 28 25 16

3178 4864 105 25 !MUT.
3291 4861 35 18 OF
3337 4853 18 25 8
3365 4857 113 21 FOUNDS
3487 4846 115 35 (DEAD.)
3883 4844 22 15 I.
3922 4834 25 24 d.
4012 4837 19 17 s.
4041 4828 25 24 d.

3420 4890 21 19 s.
3459 4883 27 25 d.
3553 4887 22 17 s.
3588 4879 26 25 d.
3648 4877 67 26 Veal
3737 4886 100 14 .......
3888 4866 103 26 34to
4007 4863 15 24 5
4051 4859 15 24 4

3178 4920 69 26 Beef
3423 4918 18 24 9
3472 4915 18 25 8
3506 4916 28 21 to
3552 4913 18 25 S
3601 4911 17 24 8
3650 4910 71 25 Pork
3739 4903 157 31 ..........5
3924 4899 19 24 8
4005 4896 15 22 5
4049 4892 17 24 9

3180 4955 104 25 Mutton
3424 4949 18 26 3
3472 4949 18 24 0
3554 4946 18 25 3
3588 4944 31 25 10
3652 4942 81 26 Lamb
3763 4955 26 11 ..

3381 5011 81 28 HAY
3480 5009 77 26 AND
3572 5007 142 28 STRAW,
3733 5011 52 19 PER
3798 5003 89 24 LOAD.

3521 5042 56 25 SOs.
3589 5040 41 26 (kl.
3643 5042 28 21 to
3687 5040 40 24 105
3728 5040 28 24 s.
3775 5036 169 26 6cl.—Straw,
3959 5027 52 26 401.
4020 5021 44 25 Od.

3181 5086 28 24 to
3222 5082 57 26 4.55.
3293 5079 185 27 Od.—Clover,
3493 5075 40 25 100
3533 5075 28 25 s.
3574 5073 43 26 Od.
3633 5076 28 21 to
3677 5070 67 27 1265.
3755 5070 45 25 Od.

3211 5115 47 25 ST.
3268 5109 231 31 JAIIIIRS'I.—Hay.
3511 5107 54 25 65,.
3581 5106 44 25 Dd.
3646 5109 28 20 to
3687 5105 69 25 196..
3768 5100 174 27 Od.—Straw,
3961 5092 52 26 301.
4024 5086 43 27 61.

3178 5152 30 24 to
3221 5144 248 28 619.4:M.—Clover,
3547 5139 45 25 Od.
3602 5143 28 20 to
3646 5138 69 25 1261.
3726 5137 44 24 Od.

3211 5172 333 31 WRITICRAPIL.—Hay,
3555 5170 106 26 905.1k1.
3669 5173 26 20 to
3706 5165 243 28 1102.04.—Straw,
3961 5158 54 25 491.
4026 5151 40 26 OU•

3180 5216 30 21 to
3216 5212 58 25 481.
3283 5209 184 26 Od.--Clover,
3482 5204 69 25 100..
3563 5203 45 25 Od.
3619 5205 28 21 to
3664 5199 89 27 1308.0
3752 5199 30 27 d.

3561 5265 97 22 MARRI
3664 5264 47 21 SD.

3204 5301 37 21 Ou
3247 5298 117 25 Saturday,
3373 5296 48 20 Feb.
3433 5295 31 21 It,
3471 5296 24 18 at
3504 5294 33 20 St.
3544 5293 94 20 Pancras
3646 5290 54 20 New
3711 5288 93 22 Church,
3815 5288 39 19 Kr.
3872 5285 83 20 Goonee
3970 5276 57 22 Valia
4026 5276 34 22 nce
4061 5276 12 22 '

3181 5327 24 20 of
3215 5326 111 25 Brighton,
3335 5322 99 21 solicitor,
3443 5322 24 18 to
3476 5319 80 22 Maria,
3563 5317 105 26 youngest
3678 5314 107 26 daughter
3791 5313 63 20 ofthe
3862 5311 45 20 lase
3913 5309 89 20 Tbomas
4010 5301 63 20 Slam,

3183 5353 50 25 Neg.

3208 5379 32 19 On
3252 5373 103 26 Monday,
3360 5373 37 20 the
3407 5372 57 20 16th,
3472 5372 25 19 at
3506 5368 148 25 Wilmington,
3660 5366 64 21 Kent,
3739 5365 58 20 John
3807 5362 83 20 Walter
3898 5359 84 21 Hu!me,
4002 5353 22 20 or
4041 5349 22 26 he
4063 5349 12 26 .

3185 5402 83 21 Middle
3283 5399 97 25 Temple,
3394 5398 47 24 Esq.
3456 5399 22 17 to
3495 5395 69 21 Eliza.
3578 5393 69 20 eldest
3661 5391 105 26 ciaughter
3777 5396 6 15 ;
3804 5388 40 20 and
3861 5386 31 19 W.
3904 5386 21 20 P.
3938 5383 91 20 Isaacson
4029 5383 12 20 ,

3183 5426 145 24 Newmarket,
3339 5425 48 25 Esq.
3396 5426 24 18 to
3428 5421 79 22 Sarah,
3515 5419 76 22 second
3600 5418 107 26 daughter
3715 5417 25 20 of
3748 5415 83 24 Joseph
3840 5413 79 24 Chitty.
3937 5411 50 22 Esq.
4003 5405 72 20 hallo'

3183 5452 124 22 ter-at-law,

3596 5469 80 21 DIED.

3210 5503 33 19 On
3250 5503 39 19 the
3298 5502 47 20 12th
3354 5499 90 21 instant,
3452 5497 22 19 in
3484 5496 40 20 her
3531 5496 52 20 39th
3592 5500 57 20 year,
3673 5494 58 21 Ann,
3746 5491 37 20 the
3790 5489 48 21 wife
3847 5487 24 21 of
3883 5486 40 21 Mr.
3937 5485 26 19 A.
3971 5481 67 21 Allen.
4058 5473 20 21 of

3185 5528 116 24 Piccadilly
3311 5528 60 18 west.

3209 5554 35 19 On
3255 5551 91 24 Monday
3356 5550 120 20 afteinoon,
3493 5548 24 20 in
3536 5544 198 28 Abingdon-street,
3751 5539 156 21 Westminster.
3924 5531 96 24 Matilda,
4033 5525 8 21 w
4042 5525 8 21 .
4050 5525 28 21 -fs

3185 5577 25 21 of
3219 5576 92 21 Edward
3319 5576 86 25 George
3415 5574 123 25 Walmesly,
3553 5572 50 25 Esq.
3615 5569 66 22 Clerk
3694 5568 24 20 of
3725 5568 35 20 the
3770 5563 103 24 Journals
3881 5563 25 20 of
3921 5561 37 20 ttte
3973 5557 71 20 House
4061 5549 19 20 of

3188 5602 76 22 lords.
3296 5604 65 6 -

3209 5629 32 20 On
3250 5621 204 32 Teidafivening.
3470 5624 37 20 the
3515 5624 47 21 101)1
3573 5623 89 22 instant,
3674 5621 21 21 in
3713 5617 105 22 Chatham
3835 5609 130 26 Deek.vard,
3981 5606 52 27 aged
4049 5601 28 24 37,

3272 5634 12 14 u

3187 5654 77 21 Daniel
3274 5655 87 20 Davies,
3373 5652 47 26 Esq.
3431 5655 93 20 surgeon
3578 5650 37 20 the
3626 5647 70 26 Royal
3705 5646 72 25 Navy,
3785 5641 43 22 and
3844 5634 203 27 asslslantaargeon
4059 5626 20 22 of

3185 5681 35 20 the
3231 5679 130 25 Dock-yard.

3210 5706 33 19 On
3253 5706 37 19 the
3299 5705 48 20 06th
3357 5702 90 21 instant,
3452 5701 22 19 at
3485 5700 143 22 Peistonville.
3641 5699 40 20 Mr.
3699 5695 34 21 W.
3742 5692 120 22 Creswell,
3879 5689 24 21 of
3909 5688 39 20 the
3963 5685 53 20 East
4023 5679 47 24 India
4070 5679 9 24 ,

3187 5730 81 19 House.

3191 5803 105 28 Loudon
3312 5809 8 18 :
3366 5798 106 26 Printed
3511 5802 52 21 and
3604 5791 141 31 Published
3777 5790 33 28 by
3839 5787 35 24 H.
3896 5776 183 33 ROWLAND,

3254 5838 27 21 at
3289 5835 43 25 the
3341 5833 37 26 Of
3384 5833 8 24 fi
3394 5839 28 18 ce
3431 5832 31 25 of
3534 5838 37 18 ut
3791 5822 51 26 No.
3850 5820 59 28 SA77,
3920 5815 102 27 Strand.

22 14 6 17 I

20 107 5 30 1

5 1633 8 32 1

9 2317 11 26 1

39 5562 13 132 1
52 5562 13 132 I
65 5562 14 132 )
