4169 6177
35 3190 6 22 i

357 250 84 27 snake
454 249 46 26 the
511 249 110 32 change
634 250 27 26 in
683 256 98 25 money
798 240 183 31 transactions
994 239 91 26 which
1097 237 47 27 the
1163 235 54 28 Bill
1232 237 30 24 of

357 286 47 26 the
415 283 122 28 Learned
548 285 133 32 Sergeant
692 292 64 22 goes
769 287 27 21 to
807 278 84 28 effect.
930 274 12 26 I
956 273 84 27 know
1054 272 132 37 perfectly
1199 270 58 26 well

357 322 63 26 that
444 330 28 19 as
485 321 45 27 his
543 321 138 38 Majesty's
694 317 182 30 Government
889 311 69 27 have
971 308 118 37 adopted
1111 309 56 27 this
1187 315 54 19 mea-

357 366 73 22 sure.
445 357 9 27 I
476 366 43 18 am
531 358 136 35 speaking
694 356 30 26 in
751 352 60 26 vain
836 348 28 26 in
888 346 157 35 opposition
1064 350 28 24 to
1106 346 41 32 it;
1168 345 48 27 but
1230 344 26 26 in

356 393 84 27 order
449 398 30 22 to
490 394 78 26 show
580 394 60 26 that
652 389 105 31 though
772 386 9 25 I
798 383 46 27 did
855 389 48 19 not
914 383 93 25 attend
1022 381 48 26 the
1084 381 172 27 Committee,

356 429 13 27 I
386 429 71 27 have
467 433 48 25 not
533 429 66 28 been
612 437 31 17 so
656 420 156 33 inattentive
826 423 28 22 to
870 418 25 26 it
917 426 28 17 as
960 426 45 26 my
1017 417 104 27 friends
1133 416 124 37 opposite

354 465 97 33 think,
467 467 9 26 I
490 467 56 26 will
559 461 148 32 undertake
719 464 27 20 to
759 456 81 35 bring
850 454 80 27 down
944 454 66 27 with
1020 462 40 19 me
1075 454 47 26 the
1135 452 122 27 Minutes

356 502 33 26 of
405 502 47 28 the
482 500 172 30 Committee,
665 494 53 30 and
741 493 65 35 give
819 500 17 19 a
853 490 171 37 convincing
1038 490 80 37 proof
1134 490 61 27 that
1208 488 47 27 the

357 537 58 27 Bill
435 537 90 34 ought
537 539 45 24 not
602 539 27 20 to
644 539 70 21 pass.

396 573 56 27 Mr.
476 572 133 32 Sergeant
621 562 272 30 ONSLOW.—The
917 562 73 27 Hon.
1012 561 162 28 Gentleman
1196 560 59 27 who

357 607 136 30 seconded
506 604 45 28 the
562 601 172 28 amendment
746 598 53 28 and
814 599 47 27 the
875 599 73 26 Hon.
961 599 119 26 Baronet
1093 598 67 27 have
1173 596 83 26 fallen

354 646 64 27 into
437 650 63 22 very
511 641 79 33 great
612 635 132 28 mistakes
765 635 156 37 respecting
945 634 50 27 the
1015 634 93 37 origin
1131 632 33 28 of
1180 632 77 26 these

356 683 14 26 l
370 683 30 26 aw
399 683 31 26 s.
467 671 78 38 'they
561 673 60 27 talk
632 674 32 26 of
681 673 46 26 the
741 670 92 38 policy
844 671 32 28 of
886 671 76 26 these
973 670 74 27 laws.
1085 669 28 28 If
1124 670 66 33 they
1202 667 53 27 had

356 715 64 30 read
433 712 46 27 the
503 709 161 38 preambles,
678 710 65 35 they
757 706 91 28 would
860 706 57 27 find
933 706 44 27 the
990 705 67 28 laws
1080 715 45 19 ate
1137 702 117 31 founded

354 759 34 18 on
403 749 45 26 the
459 750 71 22 most
543 745 86 37 godly
648 746 105 28 notion,
768 744 61 26 that
840 750 57 28 any
917 743 115 27 interest
1041 742 24 27 is
1077 746 129 28 contrary
1228 746 27 20 to

354 783 138 28 Christian
516 782 161 35 principles.
715 781 73 27 That
810 780 22 26 is
857 780 47 26 the
921 780 142 32 language
1078 778 33 27 of
1121 780 46 26 the
1178 776 77 31 early

351 822 124 25 statutes.
511 816 47 27 No
588 816 124 37 question
744 816 31 26 of
791 814 91 37 policy
912 822 57 19 was
997 822 64 18 ever
1083 814 123 35 thought
1218 811 37 27 of.

350 855 81 27 Then
444 862 40 19 we
503 861 46 19 are
562 853 58 27 told
643 854 61 25 that
724 852 47 27 the
790 850 99 27 landed
909 852 112 26 interest
1042 852 58 27 will
1124 852 33 26 be
1170 852 85 26 borne

350 891 92 28 down.
481 889 12 27 I
526 889 117 27 contend
661 889 76 37 quite
754 888 50 27 the
827 893 139 31 contrary.
1003 886 51 37 My
1075 886 133 38 principle
1231 886 24 27 is

350 926 131 30 this—let
493 935 98 27 money
604 926 34 28 be
652 927 64 26 free.
754 925 61 27 The
836 922 57 28 Bill
914 924 25 26 is
959 928 30 20 to
1002 922 81 28 allow
1102 932 111 27 persons
1227 927 27 21 to

348 963 85 30 make
455 961 73 30 their
540 971 61 19 own
615 963 128 33 bargains
757 972 8 21 ;
784 959 51 30 and
849 964 47 31 yet
905 959 162 28 Gentlemen
1084 969 58 26 say,
1155 969 39 18 we
1205 967 33 17 un-

350 1000 133 27 derstand
495 1009 70 27 your
576 999 124 28 business
713 998 87 27 better
811 996 65 27 than
891 1005 64 27 yon,
966 994 53 27 and
1030 994 86 28 under
1128 1000 126 31 pretence

350 1038 32 27 of
398 1038 106 33 aiding,
515 1046 39 18 we
568 1036 56 28 will
633 1038 125 25 threaten
767 1042 64 27 yon.

389 1072 54 28 Mr.
462 1071 244 28 ALEXANDER
720 1068 207 28 BARING.—I
951 1067 83 27 think
1056 1067 46 27 the
1123 1067 89 37 repeal
1227 1067 32 26 of

351 1110 80 27 these
441 1109 66 27 laws
521 1117 15 17 a
557 1107 106 31 change
684 1106 31 27 of
742 1103 190 28 considerable
956 1104 181 33 importance,
1161 1102 91 26 which

350 1144 190 35 immediately
552 1143 91 27 would
660 1142 119 37 produce
803 1149 35 18 no
852 1140 78 30 effect
950 1140 151 31 whatever;
1120 1139 54 27 and
1187 1139 22 27 it
1221 1139 33 31 is,

351 1183 115 26 because
472 1181 22 27 it
514 1180 90 28 would
612 1178 187 35 immediately
811 1178 118 35 produce
944 1186 35 18 no
996 1175 78 27 effect
1088 1176 59 26 that
1157 1175 57 27 this
1228 1175 22 27 is

350 1227 18 19 a
376 1218 92 34 fitting
481 1217 65 27 time
557 1221 48 21 not
630 1221 27 21 to
671 1214 125 35 legislate
811 1221 72 27 upon
904 1213 47 26 the
961 1211 107 38 subject
1083 1212 31 26 of
1130 1211 90 31 fixing
1234 1220 15 19 a

348 1254 150 27 maximum
520 1252 30 28 in
570 1252 46 28 the
640 1252 78 28 value
741 1251 28 27 of
787 1258 107 27 money,
915 1250 50 26 hot
980 1253 27 22 to
1020 1257 106 19 remove
1152 1257 14 17 a
1183 1247 70 28 false

348 1290 167 34 legislation.
552 1290 41 27 As
618 1289 50 28 has
681 1289 69 27 been
772 1286 73 37 truly
865 1286 58 28 said
937 1286 39 35 by
999 1293 47 27 my
1059 1284 72 30 Hon.
1146 1284 103 28 Friend

348 1328 65 27 who
425 1326 86 37 spoke
530 1333 37 20 on
592 1326 56 27 this
659 1325 113 34 subject,
787 1325 22 26 it
834 1324 24 27 is
879 1323 162 35 impossible
1054 1328 27 21 to
1103 1322 120 37 produce
1235 1332 15 17 a

348 1363 74 35 good
436 1369 96 20 reason
544 1362 44 27 for
599 1362 48 27 the
669 1367 109 30 present
803 1359 51 27 law
866 1359 90 32 fixing
969 1368 13 18 a
994 1359 150 26 msximnm
1155 1358 28 27 in
1204 1358 46 27 the

347 1398 80 27 value
450 1398 33 26 of
500 1397 112 32 capital,
622 1406 56 26 any
696 1406 77 17 more
784 1396 67 26 than
870 1396 44 26 for
927 1394 87 31 fixing
1026 1406 15 17 a
1056 1395 150 25 maximum
1221 1394 27 26 in

348 1435 48 26 the
411 1433 78 28 value
508 1433 32 26 of
556 1441 53 28 any
632 1431 96 27 article
751 1431 281 33 whatever.—(Hear,
1055 1430 90 33 hear.)
1181 1429 69 27 This

347 1470 26 27 is
385 1480 15 17 a
415 1473 70 24 most
506 1468 159 28 favourable
684 1468 180 35 opportunity
878 1468 40 26 for
939 1466 159 31 legislating
1119 1474 71 26 upon
1204 1466 47 26 the

347 1506 115 37 subject.
501 1505 27 27 It
547 1505 24 27 is
593 1505 100 28 almost
713 1505 45 27 the
771 1504 66 37 only
856 1513 64 27 year
932 1504 41 27 for
985 1504 47 26 the
1044 1502 53 27 last
1111 1502 61 27 half
1189 1511 46 19 cen-

348 1548 65 31 tury
437 1541 81 27 when
528 1543 24 26 it
563 1541 91 30 could,
669 1543 65 26 with
746 1540 96 37 safety,
867 1540 32 27 be
921 1539 143 34 legislated
1078 1547 84 27 npon.
1202 1538 47 27 We

347 1578 102 30 should
468 1577 71 30 avail
562 1577 139 28 ourselves
722 1577 32 27 of
774 1576 48 28 the
833 1577 181 37 opportunity
1024 1576 32 26 of
1067 1574 90 37 doing
1174 1581 76 30 away

346 1616 80 27 these
438 1615 76 30 laws.
553 1615 25 27 It
589 1615 22 27 is
625 1613 89 28 stated
733 1615 59 26 that
807 1613 78 27 there
898 1613 50 27 has
959 1613 65 26 been
1043 1620 37 18 an
1093 1611 139 27 accumula-

346 1652 61 26 tion
420 1651 31 27 of
467 1651 100 34 capital
583 1651 52 26 and
648 1659 158 21 commerce,
831 1646 250 33 notwithstanding
1102 1648 47 25 the
1162 1646 71 26 exist-

346 1696 69 19 ence
426 1687 30 27 of
472 1687 78 27 these
570 1685 74 28 laws.
684 1685 74 26 That
776 1685 32 31 is,
822 1685 113 26 because
956 1684 45 25 the
1020 1683 65 26 laws
1100 1682 69 28 have
1182 1683 66 27 been

346 1724 184 35 inoperative;
552 1722 113 30 because
676 1722 48 27 the
737 1722 110 26 evasion
866 1721 50 27 has
930 1720 99 35 always
1042 1719 69 27 been
1131 1728 31 18 so
1176 1728 72 28 easy.

347 1760 44 27 To
404 1769 46 20 my
469 1765 79 32 great
567 1760 128 35 surprise,
716 1759 48 27 the
785 1766 64 27 very
870 1757 71 26 class
960 1756 33 26 of
1011 1765 113 26 persona
1148 1756 72 32 who,
1235 1756 9 27 I

347 1796 100 26 should
472 1805 48 27 say
533 1795 86 27 above
630 1795 37 27 all
676 1795 103 28 others,
791 1792 87 28 wanld
894 1791 33 28 be
940 1791 132 28 benefited
1088 1791 38 37 by
1144 1792 46 27 the
1211 1801 26 17 re-

346 1832 63 37 peal
420 1832 32 27 of
469 1832 76 27 these
556 1832 73 31 laws,
653 1832 47 27 the
722 1830 125 34 Country
865 1827 289 37 Gentlemen—(hear,
1168 1828 87 34 henry

345 1869 71 28 have
429 1869 83 27 taken
528 1869 47 26 the
599 1869 96 26 alarm.
730 1866 61 27 The
808 1865 138 37 objection
959 1865 32 26 of
1007 1865 60 27 that
1081 1866 169 35 respectable

346 1905 71 28 class
429 1905 24 27 is
465 1905 164 35 surprising,
652 1903 53 28 and
720 1903 13 27 I
759 1902 98 27 should
872 1902 84 35 hope,
967 1902 24 27 if
1009 1902 22 26 it
1045 1911 69 18 were
1126 1903 69 30 only
1208 1903 40 26 for

345 1941 50 28 the
406 1942 152 34 advantage
570 1941 32 26 of
620 1941 122 33 hearing
768 1939 76 27 what
856 1946 61 27 may
946 1938 34 27 be
994 1939 59 26 said
1068 1946 35 19 on
1128 1939 48 27 the
1188 1939 47 27 sub-

343 1978 69 37 ject,
429 1978 53 27 and
495 1977 94 35 seeing
602 1976 25 27 if
643 1985 39 19 we
704 1980 102 24 cannot
819 1984 107 18 remove
939 1975 74 27 their
1026 1975 220 37 apprehensions

345 2015 57 27 and
415 2014 161 38 prejudices,
589 2014 59 27 that
661 2013 56 27 this
733 2011 52 28 Bill
807 2011 58 28 will
889 2011 33 27 he
935 2011 145 38 permitted
1096 2017 28 21 to
1142 2022 37 25 go
1193 2015 43 24 fur-

345 2052 63 28 ther
419 2063 8 21 ;
446 2052 48 27 but
508 2052 77 26 when
599 2050 22 27 it
643 2059 91 19 comes
746 2050 60 27 into
828 2057 17 20 a
857 2049 174 32 Committee,
1051 2049 25 28 if
1095 2057 39 20 we
1147 2048 100 30 should

343 2094 51 24 not
403 2088 32 28 be
448 2088 60 28 able
520 2093 28 24 to
562 2088 131 35 persuade
715 2088 46 27 the
776 2091 118 30 country
907 2087 161 28 Gentleman
1082 2087 61 28 that
1157 2087 54 28 this
1224 2086 25 30 is

345 2135 18 19 a
376 2126 56 28 Bill
446 2126 27 27 in
496 2126 45 27 his
554 2126 107 32 favour,
684 2125 119 37 nothing
820 2124 90 28 would
924 2124 33 26 be
972 2133 72 19 more
1058 2133 61 27 easy
1133 2124 66 27 than
1219 2128 30 22 to

345 2169 99 30 except
457 2161 69 27 from
537 2163 47 27 the
602 2161 144 35 operation
759 2161 32 27 of
807 2161 22 27 it
853 2161 48 27 the
921 2161 61 26 loan
1015 2161 31 26 of
1062 2169 97 20 money
1172 2169 73 27 upon

343 2204 156 30 mortgage,
511 2198 115 28 because
639 2199 22 26 it
674 2197 90 28 would
785 2198 32 26 be
829 2206 34 18 an
881 2196 131 28 immense
1028 2197 97 26 benefit
1137 2197 24 25 if
1170 2197 76 25 these

343 2235 70 28 laws
426 2243 67 19 were
507 2233 135 37 repealed,
663 2243 30 18 as
715 2238 118 31 respects
844 2241 83 27 every
939 2233 80 26 other
1042 2233 204 26 transaction—

344 2281 32 18 as
389 2276 117 30 respects
519 2271 46 27 the
582 2271 201 27 manufacturer
795 2268 53 30 and
865 2269 150 27 merchant.
1052 2268 11 27 I
1085 2268 67 28 have
1165 2267 80 27 heard

344 2317 39 19 no
402 2307 162 30 Gentlemen
594 2307 150 28 connected
771 2307 65 27 with
866 2307 74 26 these
966 2306 126 28 interests
1122 2304 81 37 speak
1217 2304 28 27 in

345 2344 98 28 favour
456 2344 33 26 of
501 2346 77 26 these
589 2344 73 28 laws.
691 2344 34 32 If,
735 2353 37 19 on
785 2344 46 26 the
846 2343 107 27 further
964 2348 91 30 stages
1068 2342 31 27 of
1110 2342 54 27 this
1178 2341 65 32 Bill,

343 2391 45 19 we
402 2382 99 27 should
521 2389 47 19 not
580 2382 32 27 be
624 2381 63 28 able
699 2386 27 22 to
745 2379 131 38 persuade
896 2379 46 27 the
956 2383 116 31 country
1084 2379 162 27 Gentleman

344 2418 37 28 he
391 2419 24 26 is
429 2418 260 28 interested—more
709 2415 149 28 interested
870 2415 66 27 than
952 2424 56 26 any
1024 2417 79 26 other
1116 2415 72 27 class
1206 2421 27 20 to-

346 2456 109 35 gether,
468 2456 64 26 then
544 2464 53 27 you
612 2459 71 22 must
696 2453 109 32 relieve,
816 2458 28 24 at
856 2452 77 31 least,
944 2452 77 27 those
1031 2451 61 28 who
1106 2461 44 18 are
1160 2451 87 28 under

345 2492 46 27 the
403 2492 138 35 operation
562 2492 30 27 of
609 2492 47 27 the
674 2491 141 33 Bankrupt
836 2489 92 32 Laws;
954 2498 31 17 or
1002 2494 97 31 except
1119 2489 78 26 loans
1209 2497 35 18 on

344 2533 155 30 mortgage,
513 2528 22 26 if
553 2528 21 27 it
596 2526 99 27 should
719 2526 33 27 be
765 2525 111 28 deemed
891 2525 154 34 expedient.
1085 2524 7 27 1
1115 2533 50 18 can
1179 2525 67 26 have.

346 2572 37 18 no
394 2564 86 26 doubt
493 2563 135 28 whatever
645 2571 74 27 upon
746 2562 45 27 the
811 2562 105 26 sul.i.et
935 2561 59 26 that
1015 2561 45 25 the
1072 2559 7 26 1
1091 2559 13 26 ,
1104 2559 66 26 ntled
1186 2569 46 26 pro-

343 2600 117 34 prietors
472 2598 56 27 will
541 2598 91 27 derive
646 2608 66 25 very
723 2604 80 28 great
821 2597 79 28 relief
908 2597 67 26 from
990 2596 54 27 this
1061 2596 187 35 (till—(hear,

344 2636 93 34 hear),
449 2636 24 27 if
487 2636 65 35 they
565 2635 97 28 should
677 2644 61 18 ever
759 2643 73 19 come
865 2633 59 27 into
943 2634 46 27 the
1015 2631 189 37 prediran►rnt
1217 2633 26 26 in

344 2672 90 28 which
449 2673 64 37 they
526 2678 24 22 st
552 2682 15 15 o
572 2672 32 27 ad
617 2672 103 32 during
733 2672 46 26 the
795 2670 89 26 whole
896 2670 32 26 of
951 2669 51 27 last
1024 2679 65 22 war,
1104 2670 77 26 when
1196 2669 47 27 the

343 2708 59 27 Bill
417 2719 52 17 was
480 2709 168 34 inoperative
659 2718 35 18 on
719 2707 177 28 Commercial
912 2717 72 21 men,
998 2706 52 27 and
1065 2707 181 27 Government

346 2754 71 18 were
431 2746 157 34 borrowing
605 2750 28 24 at
645 2745 125 27 usurious
782 2744 122 31 interest,
915 2743 53 27 and
981 2743 47 28 the
1041 2743 124 37 Country
1173 2743 54 26 Gen-

339 2779 106 28 tleman
458 2781 52 26 had
520 2786 27 21 to
561 2790 52 26 pay
628 2781 28 26 1•f
669 2789 47 26 per
728 2785 72 22 cent.
839 2779 81 27 From
934 2779 35 26 all
981 2779 48 26 the
1042 2779 202 27 consideration

343 2816 11 27 I
370 2826 50 18 can
432 2818 64 34 give
509 2823 30 21 to
556 2817 54 28 this
624 2816 115 38 subject,
750 2816 8 26 I
780 2824 43 18 am
840 2815 150 38 persuaded
1005 2813 61 27 that
1078 2815 24 26 is
1115 2815 47 26 the
1174 2815 72 26 class

341 2854 32 26 of
389 2863 112 27 persons
524 2854 58 27 that
608 2854 54 26 will
690 2854 31 26 he
743 2852 44 27 the
800 2857 71 22 most
885 2850 126 33 relieved,
1033 2850 34 35 by
1093 2851 105 35 having
1226 2859 17 19 a

341 2891 85 26 sound
448 2891 51 27 and
515 2898 98 27 proper
633 2889 158 37 legislation
811 2897 72 27 upon
911 2888 46 27 the
970 2887 117 38 subject.
1126 2888 34 32 If,
1170 2896 73 27 upon

343 2927 106 27 further
462 2928 118 37 inquiry,
596 2935 39 18 we
646 2920 97 34 should
757 2929 48 22 not
819 2926 31 26 be
865 2926 61 27 able
947 2930 27 21 to
989 2934 109 18 remove
1111 2926 76 26 those
1199 2934 31 25 ap-

340 2965 187 32 prehensions,
543 2965 116 28 nothing
674 2962 90 28 would
780 2962 33 27 be
831 2970 74 19 more
918 2970 65 24 easy
994 2963 66 25 than
1078 2968 26 20 to
1119 2962 66 34 give
1196 2963 48 26 the

340 3000 159 27 Gentleman
521 3001 46 26 the
578 2999 113 28 benefits
702 2999 32 26 of
750 3000 45 26 the
807 3004 107 30 present
927 3002 109 31 system,
1052 2998 89 27 which
1157 2998 12 27 I
1183 3006 47 18 con-

343 3035 76 27 ceive
430 3037 47 25 the
485 3039 120 31 greatest
617 3035 93 34 injury
724 3035 53 26 and
789 3035 47 26 the
844 3039 123 30 greatest
979 3043 87 19 curse.

377 3073 118 37 Captain
526 3071 189 28 MABEItLY
749 3071 57 27 said
835 3071 46 27 the
911 3070 130 28 evidence
1072 3070 90 27 before
1199 3071 47 27 the

340 3109 164 28 Committee
537 3107 37 28 all
604 3109 98 27 tended
730 3115 30 20 to
789 3107 46 27 the
860 3116 76 18 same
973 3107 87 33 point,
1100 3109 61 25 that
1196 3107 48 26 the

340 3146 70 26 Jaws
422 3146 110 34 against
546 3145 90 37 Usury
648 3154 70 19 were
739 3154 65 26 very
821 3142 163 39 prejudicial
1006 3143 27 27 in
1048 3143 71 27 their
1139 3150 106 30 present

339 3185 80 24 state.

376 3219 46 26 Sir
437 3217 74 27 IVNI.
526 3217 51 27 1)E
594 3215 215 30 CRESPIGNY
820 3214 57 28 said
889 3223 15 19 a
918 3215 51 27 few
987 3214 89 28 words
1089 3215 28 27 in
1131 3221 112 31 support

335 3253 33 26 of
377 3253 46 26 the
443 3253 63 26 Bill.

373 3289 47 27 Sir
443 3289 105 27 JOHN
563 3289 154 27 MARTIN
729 3288 102 34 agreed
844 3287 59 30 that
918 3287 74 28 these
1007 3288 65 28 laws
1088 3296 69 20 were
1173 3287 57 37 inju-

337 3326 77 27 rious
424 3332 28 21 to
467 3326 38 27 all
517 3326 99 28 classes
628 3327 28 26 of
669 3328 46 25 the
728 3325 181 34 community.

373 3361 149 37 Strayers
535 3371 70 18 were
617 3363 64 26 then
692 3361 113 27 ordered
819 3366 30 22 to
860 3359 154 28 withdraw.
1042 3360 63 27 The
1114 3360 129 27 numbers

335 3406 37 18 on
404 3398 46 26 the
478 3398 132 27 divisions
644 3397 162 28 were—For
826 3396 48 30 the
893 3396 100 27 second
1015 3397 126 35 reading,
1155 3396 86 28 120--

335 3433 122 34 Against
474 3433 31 33 it,
514 3433 226 39 23.—Majority,
752 3433 44 32 97.

372 3472 45 26 On
429 3480 50 19 our
491 3476 92 22 return
609 3476 27 22 to
651 3471 47 27 the
723 3470 122 37 Gallery,
859 3470 45 27 the
926 3469 265 28 CHANCV.LLOR
1212 3471 31 25 of

335 3508 47 27 the
403 3506 242 34 EXCHEQUER
676 3508 52 27 had
755 3508 63 37 just
842 3516 69 18 rose.
948 3506 44 26 Ile
1016 3506 70 33 sail,
1117 3508 60 25 that
1209 3507 28 26 in

335 3544 113 34 moving
467 3544 63 26 that
541 3544 47 26 the
613 3544 103 35 Report
737 3546 31 25 of
785 3544 46 26 the
852 3543 163 27 Committee
1033 3544 31 25 of
1084 3540 80 33 Ways
1186 3547 53 24 and

334 3580 99 26 Means
445 3581 31 26 be
495 3581 122 37 brought
639 3591 46 26 up,
706 3581 22 26 it
748 3581 25 25 is
787 3586 46 21 not
855 3589 44 27 my
925 3580 139 26 intention
1078 3585 27 22 to
1121 3589 77 18 move
1211 3583 30 22 to

335 3615 85 34 bring
438 3626 34 27 up
487 3617 79 27 those
580 3617 148 37 particular
742 3617 120 35 Reports
883 3617 91 26 which
989 3617 84 26 relate
1087 3621 27 21 to
1128 3617 111 26 Annual

335 3652 106 27 Duties.
476 3652 39 26 As
529 3652 11 26 I
557 3653 165 27 understand
745 3653 21 26 it
785 3653 22 25 is
829 3654 47 24 the
896 3651 136 26 intention
1052 3652 30 25 of
1098 3653 46 25 the
1167 3653 72 26 Hon.

335 3687 125 27 Member
469 3687 72 33 (Mr.
552 3689 106 33 Hume)
680 3693 27 20 to
723 3696 116 26 propose
853 3696 34 19 an
909 3686 182 28 Amendment
1103 3693 28 21 to
1143 3697 52 18 one
1209 3689 30 26 of

335 3723 48 28 the
407 3722 183 34 Resolutions,
613 3724 116 35 namely,
749 3724 46 27 the
824 3724 69 34 duty
915 3732 35 17 on
973 3723 106 33 foreign
1104 3724 104 35 spirits,
1228 3724 8 26 I

338 3759 83 28 think
433 3761 20 26 it
467 3769 45 33 my
535 3759 67 37 duty
621 3767 46 20 not
689 3767 28 19 to
739 3761 83 33 bring
835 3759 61 27 that
914 3759 126 37 question
1056 3768 37 27 up
1107 3761 135 34 to-night,

337 3797 56 26 and
406 3797 43 27 for
462 3797 54 26 this
529 3806 105 18 reason.
676 3796 8 26 I
699 3797 87 25 stated
803 3803 27 20 to
842 3796 111 27 various
967 3804 112 25 persons
1094 3796 59 27 who
1165 3798 78 25 made

338 3831 184 35 applications
534 3837 30 20 to
576 3841 51 21 me,
640 3831 61 26 that
716 3831 7 26 I
741 3831 46 26 did
803 3836 46 21 not
861 3831 53 26 feel
927 3837 28 20 at
969 3831 102 34 liberty
1085 3837 27 20 to
1126 3833 65 34 give
1207 3841 34 17 an

337 3869 117 33 opinion
474 3868 41 26 till
529 3868 54 26 this
602 3867 54 37 day
676 3867 155 35 se'nnight,
853 3867 77 25 when
954 3866 9 26 I
992 3866 99 27 should
1107 3867 32 26 be
1152 3873 26 21 at
1191 3867 50 26 foil

335 3904 102 38 liberty
452 3909 27 20 to
500 3909 71 22 state
583 3913 45 25 my
641 3904 69 27 view
733 3902 32 27 of
784 3902 46 27 the
843 3901 117 37 subject.
997 3902 64 27 And
1076 3902 136 34 although
1230 3904 7 26 I

337 3941 38 27 do
389 3947 47 21 not
451 3940 48 28 feel
522 3941 60 27 that
605 3941 28 27 in
659 3940 102 28 asking
781 3939 47 27 the
846 3939 85 26 house
945 3944 27 21 to
987 3939 61 34 give
1064 3940 45 26 the
1130 3940 110 27 Annual

335 3977 109 32 Duties,
459 3979 9 26 I
495 3977 100 28 should
624 3977 28 27 in
679 3985 54 27 any
746 3976 104 33 degree
865 3974 129 35 preclede
1013 3976 107 35 myself,
1141 3985 31 18 or
1187 3986 54 25 any

335 4013 83 27 other
435 4013 133 32 Member,
581 4013 71 27 from
676 4012 151 35 proposing
850 4011 159 27 alterations
1028 4012 28 26 in
1080 4011 162 28 Permanent

334 4049 155 38 Deties.yet
506 4049 84 31 Ham:
601 4049 120 27 Member
736 4048 80 26 think
831 4048 8 26 I
853 4056 44 17 am
909 4046 107 35 calling
1025 4055 35 18 on
1070 4046 56 26 him
1137 4054 28 20 to
1179 4057 47 25 pro-

335 4094 110 19 nounce
458 4095 15 17 a
485 4081 113 32 decided
612 4085 117 33 opinion
746 4093 37 18 on
795 4085 74 25 what
882 4083 8 26 I
907 4093 54 18 was
972 4083 103 35 myself
1090 4083 150 32 declining,

366 4122 99 28 should
480 4124 32 26 be
522 4131 74 26 sorry
609 4127 28 24 to
651 4126 50 33 put
715 4120 100 37 myself
823 4120 27 27 in
865 4122 58 24 that
935 4120 143 32 situation,
1089 4120 54 27 and
1157 4121 69 26 there-

334 4159 60 27 fore
407 4159 9 26 I
432 4159 80 27 think
529 4159 22 27 it
565 4167 99 27 proper
683 4163 27 20 to
720 4157 107 26 abstain
842 4157 71 26 from
930 4156 136 35 bringing
1080 4165 35 27 up
1131 4156 45 27 the
1191 4157 51 26 Re-

334 4200 67 30 port
412 4195 33 26 of
458 4195 77 26 those
548 4194 188 27 Resolutions.

372 4230 56 27 Mr.
458 4230 150 27 BRIGHT
630 4230 59 26 said
713 4228 33 26 he
764 4226 98 28 should
885 4226 33 27 be
938 4235 77 27 sorry
1028 4230 27 25 to
1080 4226 89 27 throw
1188 4235 53 26 any

331 4266 216 28 inconvenience
556 4266 28 27 in
601 4266 46 28 the
657 4273 69 27 way.

369 4303 63 28 The
445 4302 262 30 CHANCELLOR
715 4300 32 27 of
757 4299 47 28 the
819 4299 242 34 EXCHEQUER
1072 4300 94 27 moved
1179 4302 60 26 that

331 4341 48 26 the
392 4341 106 33 Report
524 4341 34 27 be
572 4339 123 33 brought
720 4346 48 27 up.
806 4336 43 28 He
872 4337 102 27 wished
989 4338 48 26 the
1057 4338 96 31 house,
1178 4337 28 27 in
1222 4346 14 17 a

333 4378 167 26 Committee
523 4377 32 28 of
574 4376 81 35 Ways
678 4375 54 27 and
746 4374 104 32 Means,
872 4377 30 22 to
915 4380 60 21 vote
990 4372 28 27 in
1031 4372 99 37 supply
1144 4372 32 27 of
1191 4375 48 25 the

335 4413 196 28 Consolidated
547 4411 89 28 Fund.
674 4411 100 27 Unless
798 4410 50 27 the
870 4409 85 26 house
976 4417 54 19 was
1058 4409 128 35 disposed
1209 4416 27 20 to

334 4450 63 33 give
410 4450 46 27 the
468 4457 93 20 means
572 4448 33 28 of
619 4448 123 35 meeting
754 4447 47 27 the
813 4444 107 38 Supply
933 4444 113 38 already
1059 4444 96 33 voted,
1163 4448 74 25 there

333 4486 92 27 would
439 4486 32 27 be
481 4495 74 18 some
566 4483 223 28 inconvenience.

370 4522 56 26 Mr.
448 4520 189 28 MABERLY
660 4519 123 37 thought
802 4518 46 26 the
861 4524 60 20 vote
945 4517 99 27 should
1068 4517 32 27 be
1111 4517 81 27 taken
1214 4519 27 25 in

334 4557 46 27 the
393 4557 132 35 ordinary
539 4565 72 28 way.

370 4593 56 28 Mr.
446 4593 116 28 HUME
595 4602 54 20 was
676 4590 130 38 prepared
847 4594 28 22 to
907 4590 70 28 have
1010 4589 48 27 the
1081 4594 61 22 vote
1168 4596 60 30 post-

334 4629 100 33 poned.
481 4629 63 28 The
574 4635 74 24 votes
679 4626 137 28 consisted
849 4626 32 26 of
901 4628 105 33 Sugar,
1037 4625 47 27 the
1109 4626 70 34 duty
1208 4635 34 18 on

334 4665 85 32 Rum,
432 4665 51 27 &c.
519 4667 43 27 He
573 4664 122 39 thought
705 4665 22 27 it
739 4664 38 28 all
796 4663 90 37 ought
898 4669 30 22 to
941 4662 81 28 stand
1037 4670 64 20 over
1116 4661 66 30 with
1198 4662 46 27 the

335 4702 105 31 Sugar.

373 4736 54 27 Mr.
445 4736 146 28 BARING
606 4746 60 19 rose
679 4741 28 22 to
725 4740 50 33 pat
796 4744 15 18 a
823 4735 129 37 question
966 4739 30 24 to
1010 4734 47 27 the
1071 4733 169 27 Chancellor

337 4772 33 28 of
379 4772 45 28 the
437 4773 171 37 Exchequer,
620 4773 50 27 but
691 4772 46 27 the
762 4772 72 27 Hon.
862 4772 124 27 Member
999 4770 87 35 spoke
1103 4770 27 27 in
1144 4779 31 19 so
1191 4769 52 27 low

338 4817 18 19 a
366 4813 74 27 tone,
451 4811 60 25 that
523 4818 39 18 we
575 4809 81 27 could
671 4807 67 35 only
750 4807 73 27 infer
835 4807 72 27 from
926 4808 47 26 the
986 4806 77 37 reply
1077 4806 59 26 that
1149 4808 24 26 it
1185 4815 56 15 WAS

338 4852 31 18 in
398 4844 118 27 allusion
546 4848 30 22 to
595 4844 47 27 the
658 4843 78 27 office
754 4843 32 27 of
809 4843 229 27 Remembrancer
1063 4846 28 22 to
1119 4841 48 27 the
1192 4841 35 26 Ex-

337 4879 128 35 chequer.

373 4915 63 27 The
445 4915 261 28 CHANCELLOR
724 4915 31 26 of
781 4915 47 26 the
859 4912 243 34 EXCHEQUER
1117 4910 124 28 thanked

340 4951 46 27 the
400 4951 73 28 Hon.
493 4951 125 28 Member
646 4951 44 27 for
703 4951 47 26 the
768 4950 180 37 opportunity
972 4950 34 27 be
1019 4949 56 27 had
1090 4948 84 35 given
1188 4948 56 26 him

341 4987 32 27 of
379 4988 117 37 offering
514 4996 35 19 an
561 4987 176 37 explanation
748 4995 37 19 on
797 4987 46 26 the
857 4987 106 35 subject
993 4991 30 21 to
1038 4983 91 30 which
1143 4984 33 26 he
1189 4983 53 27 had

341 5022 139 28 adverted.
517 5023 28 27 It
556 5031 54 19 was
620 5027 61 22 true
691 5023 61 25 that
764 5030 38 19 on
814 5023 48 26 the
870 5022 81 27 death
964 5021 32 27 of
1006 5020 56 28 Mr.
1074 5019 102 32 Steele,
1195 5020 47 26 the

340 5057 54 26 late
409 5059 235 32 Itemembrancer,
663 5059 56 26 Mr.
730 5057 119 27 Vincent
870 5066 56 19 was
938 5056 150 37 appointed
1102 5059 27 24 to
1141 5054 39 27 fill
1200 5055 46 27 the

343 5094 89 31 office,
458 5095 48 25 but
520 5094 46 26 the
581 5094 72 26 Hon.
673 5093 123 27 Member
823 5093 83 27 could
919 5098 47 22 not
989 5099 117 30 suppose
1119 5091 61 27 that
1198 5092 48 25 the

341 5130 187 27 tiovernment
540 5137 56 20 was
606 5137 31 19 so
648 5128 132 35 ignorant
790 5130 33 27 of
843 5130 38 27 its
889 5130 79 35 ditty,
981 5137 31 19 as
1025 5132 50 24 not
1084 5131 28 25 to
1126 5134 56 28 pay
1193 5126 53 27 due

340 5165 137 27 attention
508 5170 28 21 to
549 5165 46 27 the
608 5173 76 19 sense
697 5164 33 27 of
751 5164 164 30 Parliament
927 5173 72 28 upon
1009 5163 47 30 the
1068 5163 115 38 subject,
1198 5170 31 19 ex-

343 5202 113 34 pressed
467 5200 31 27 in
508 5209 35 19 an
556 5205 44 22 act
612 5202 185 33 condemning
811 5202 56 26 this
879 5200 86 32 office,
977 5200 150 37 providing
1155 5199 43 26 for
1209 5199 38 25 its

345 5236 145 32 abolition,
501 5236 56 26 and
569 5236 28 27 in
625 5236 57 27 fact
704 5236 145 37 changing
866 5236 48 27 the
934 5236 89 27 whole
1032 5241 100 31 system
1143 5233 32 27 of
1191 5233 57 27 this

343 5272 174 35 department
526 5280 76 27 upon
613 5271 47 28 the
666 5271 81 28 death
758 5271 31 28 of
796 5272 47 27 the
854 5271 156 28 individual
1019 5271 61 27 who
1094 5271 66 28 then
1172 5269 76 30 filled

344 5309 50 27 the
405 5307 85 28 office.
528 5307 33 27 In
582 5307 149 28 obedience
742 5313 30 21 to
785 5308 57 27 this
855 5313 53 26 act,
920 5307 66 38 only
999 5316 17 19 a
1045 5307 52 27 few
1109 5308 67 35 days
1191 5306 56 27 had

344 5343 111 37 elapsed
464 5344 67 26 after
543 5343 47 27 the
604 5344 81 25 death
698 5343 31 26 of
739 5343 52 27 Mr.
806 5343 102 30 Steele,
921 5344 78 25 when
1010 5342 47 27 the
1064 5343 89 26 Lords
1162 5342 32 27 of
1201 5343 47 25 the

344 5380 142 34 Treasury
497 5378 65 26 took
576 5378 58 26 into
641 5378 202 26 consideration
856 5378 47 26 the
917 5386 91 18 means
1019 5378 32 26 of
1059 5379 131 34 carrying
1200 5378 48 26 the

343 5415 105 28 wishes
458 5414 33 27 of
501 5413 167 27 Parliament
679 5413 59 26 into
751 5412 78 28 effect
840 5424 9 20 ;
861 5411 50 28 but
922 5413 24 25 it
960 5417 71 22 must
1041 5412 33 28 be
1084 5412 163 28 recollected

344 5453 63 28 that
419 5452 47 28 the
480 5451 54 28 law
563 5448 48 27 did
627 5452 48 24 not
699 5447 154 35 absolutely
867 5448 106 37 require
983 5450 48 26 the
1044 5448 86 27 Lords
1144 5450 32 26 of
1202 5450 46 26 the

344 5489 144 35 Treasury
511 5491 31 24 to
557 5484 109 30 abolish
678 5493 31 18 or
719 5484 124 37 regulate
854 5484 46 27 the
913 5484 89 27 duties
1013 5484 32 27 of
1054 5485 56 27 this
1122 5485 86 31 office,
1227 5485 22 28 it

340 5526 106 39 merely
458 5522 133 41 provided
606 5522 60 27 that
693 5522 65 37 they
770 5519 98 28 should
882 5520 65 27 take
976 5520 59 27 into
1046 5520 202 28 consideration

341 5563 182 37 whatought
534 5565 31 22 to
575 5558 34 28 be
622 5558 54 28 the'
698 5557 91 28 future
800 5556 182 30 emoluments
993 5556 32 27 of
1033 5556 47 27 the
1093 5567 97 26 person
1204 5567 30 24 ap-

340 5600 115 39 pointed
463 5606 30 21 to
503 5597 40 28 fill
560 5596 31 28 it.
606 5594 32 30 la
650 5601 152 30 pursuance
814 5593 32 27 of
860 5593 56 27 this
931 5593 63 31 law,
1005 5593 47 27 the
1067 5593 86 27 Lords
1162 5593 32 27 of
1201 5595 47 25 the

343 5639 142 34 Treasury
496 5633 89 31 called
598 5639 76 30 upon
685 5630 46 26 the
744 5629 107 26 Barons
860 5627 37 27 of
896 5627 47 27 the
959 5627 170 35 Exchequer,
1136 5629 30 26 in
1179 5630 72 25 their

343 5673 100 30 official
457 5669 136 40 capacity,
611 5672 30 22 to
653 5669 93 33 report
767 5665 48 26 the
827 5663 90 27 duties
932 5662 31 28 of
969 5663 47 26 the
1028 5662 89 28 office.
1152 5663 34 27 In
1200 5665 47 26 the

341 5719 80 20 um
432 5711 76 32 time,
523 5706 93 31 before
627 5711 57 28 any
698 5709 60 19 new
783 5705 194 31 arrangement
990 5698 81 27 could
1084 5698 32 27 be
1143 5699 106 27 carried

341 5750 63 27 into
416 5746 90 33 effect,
517 5745 48 28 the
575 5741 91 33 duties
677 5737 32 31 of
716 5737 47 30 the
774 5735 78 28 office
862 5740 73 22 must
953 5734 32 27 be
1005 5734 163 35 performed,
1198 5737 52 26 and

344 5785 50 27 the
422 5783 161 28 immediate
593 5776 191 40 appointment
796 5772 32 28 of
852 5779 77 20 some
940 5779 98 27 person
1051 5779 53 18 was
1116 5771 135 28 therefore

341 5828 145 30 necessary
501 5829 9 25 ;
529 5817 51 31 but
595 5815 78 31 what
702 5809 148 32 alteration
872 5806 92 30 would
994 5806 33 27 be
1042 5813 154 28 necessary,
1220 5807 30 27 in

1920 135 52 43 Ti
1980 138 50 40 1F
2065 142 26 38 S
2104 138 202 41 rATESM
2313 138 73 40 AN

1291 231 81 26 order
1383 237 28 20 to
1426 231 69 26 have
1506 229 45 27 the
1565 230 125 26 business
1698 228 32 26 of
1740 227 46 26 the
1798 226 77 26 office
1881 228 152 30 conducted
2047 231 57 26 ins
2117 236 57 20 man-

1293 274 47 20 ner
1352 266 52 28 less
1416 265 155 38 expensive,
1583 265 52 26 and
1658 262 90 28 which
1765 259 90 30 mould
1869 260 33 28 be
1915 270 72 20 more
1998 265 151 28 conducive
2163 267 30 24 to

1290 301 47 27 the
1348 302 125 27 interests
1483 300 31 28 of
1524 300 48 27 the
1585 300 103 35 public,
1701 299 21 28 it
1742 296 89 28 would
1846 301 48 22 not
1907 306 61 20 now
1988 300 32 28 be
2031 311 65 28 easy
2105 307 28 21 to
2147 299 31 27 de-

1289 338 57 28 tail.
1381 338 137 28 However
1531 338 41 25 for
1602 335 47 27 the
1664 335 53 27 due
1729 334 146 32 discharge
1894 333 31 26 of
1936 335 45 26 the
1993 337 90 28 duties
2099 337 32 27 of
2143 335 34 27 Re-

1289 376 195 27 membrancer,
1513 380 76 18 some
1602 380 97 25 person
1711 369 98 27 should
1834 369 32 26 be
1880 370 144 34 appointed
2039 383 8 22 ;
2069 373 15 31 a
2085 373 47 31 nd,
2148 380 31 18 ac-

1289 407 117 38 cording
1417 415 28 20 to
1456 409 47 25 the
1517 407 113 28 minute,
1643 406 53 27 Mr.
1707 405 129 30 Vincent,
1854 412 53 18 was
1919 406 135 30 therefore
2066 407 112 37 appoint-

1289 444 32 28 ed
1333 454 37 18 on
1385 446 45 26 the
1444 444 52 27 '22d
1509 441 32 28 of
1553 441 151 28 December
1719 454 7 20 ;
1746 442 48 27 but
1806 449 61 20 care
1881 448 54 19 was
1967 442 85 31 taken
2065 446 63 26 that
2159 443 34 26 he

1290 482 97 27 should
1400 482 32 26 be
1446 478 144 37 precluded
1605 478 67 26 from
1684 480 104 33 having
1801 485 15 18 a
1822 476 103 35 deputy
1941 485 30 18 or
1983 480 210 38 appropriating

1287 522 27 21 to
1330 517 113 26 himself
1449 523 54 26 any
1517 514 32 26 of
1557 514 46 25 the
1616 513 56 26 fees
1693 513 104 34 legally
1809 511 66 31 due,
1907 513 21 26 it
1959 514 33 25 be
2002 523 40 24 ng
2055 515 131 35 provided

1289 552 60 27 that
1362 552 77 26 these
1449 557 69 19 were
1530 553 30 22 to
1572 548 33 27 be
1617 548 63 35 paid
1693 549 60 25 into
1766 549 47 26 the
1825 547 197 30 Consolidated
2035 550 90 31 Fund,
2138 549 53 27 and

1289 589 46 25 the
1345 587 89 27 Lords
1462 583 32 27 of
1501 583 46 27 the
1560 583 138 34 Treasury
1711 583 66 26 have
1791 582 123 27 reserved
1933 588 27 20 to
1972 585 159 27 themselves
2146 587 47 22 the

1285 622 203 27 consideration
1500 620 32 26 of
1541 620 72 26 what
1624 628 61 26 may
1698 619 33 25 he
1743 627 34 18 an
1786 618 135 43 adequate
1935 622 201 26 remuneration
2151 620 43 27 for

1287 659 46 26 the
1346 658 144 34 discharge
1504 656 33 27 of
1547 656 47 26 the
1613 654 90 27 duties
1715 654 32 27 of
1757 656 46 26 the
1814 654 86 27 office.
1957 656 41 26 He
2009 658 109 26 assured
2145 657 48 26 the

1289 694 91 26 House
1391 694 60 26 that
1465 694 33 25 he
1520 700 54 18 was
1587 694 72 22 most
1677 690 116 26 anxious
1807 690 60 26 that
1880 691 47 24 the
1941 691 78 28 office
2030 692 99 27 should
2144 700 33 19 un-

1286 731 86 34 dergo
1385 738 73 18 some
1470 726 169 34 regulation,
1651 728 54 26 and
1720 726 32 26 be
1765 730 50 32 put
1825 733 37 20 on
1872 733 17 19 a
1903 725 51 28 less
1967 728 148 35 expensive
2126 729 54 26 foot-

1286 767 58 34 ing.
1382 765 61 26 The
1456 768 110 31 present
1578 763 193 35 appointment
1781 770 53 18 was
1845 761 103 35 merely
1961 768 169 31 temporary,
2138 764 54 26 and

1285 801 53 27 Mr.
1346 800 120 27 Vincent
1478 807 57 19 was
1546 804 27 21 to
1587 798 70 26 have
1665 806 34 18 no
1708 797 152 26 additional
1870 796 80 27 claim
1963 797 30 26 in
2004 806 189 28 consequence

1284 841 28 24 to
1323 836 40 28 fill
1376 837 50 26 the
1437 834 86 32 office,
1552 834 30 27 in
1594 841 60 20 case
1668 833 48 27 the
1728 831 90 27 Lords
1841 831 32 27 of
1881 831 46 27 the
1941 831 138 38 Treasury
2091 831 102 30 should

1283 872 152 27 determine
1444 875 30 22 to
1486 870 131 27 continue
1628 869 32 28 it.

1320 909 52 26 Mr.
1393 907 150 28 RARING
1560 904 142 38 expressed
1731 904 112 27 himself
1864 904 120 27 satisfied
2007 904 66 28 with
2089 902 46 30 the
2148 915 31 18 ex-

1285 946 141 35 planation
1440 945 32 25 of
1482 944 45 27 the
1539 941 165 27 Chancellor
1717 943 30 24 of
1760 940 46 26 the
1827 939 175 35 Exchequer,
2019 941 56 26 and
2105 943 89 35 hopeu

1285 983 58 26 that
1357 983 47 26 the
1421 980 89 34 Right
1531 980 71 26 Hon.
1619 976 162 27 Gentleman
1796 976 86 26 would
1897 976 65 26 take
1972 976 51 26 the
2037 984 92 18 means
2143 981 50 21 not

1285 1018 66 35 only
1359 1018 31 26 of
1400 1016 142 31 lessening
1556 1016 45 25 the
1626 1020 116 26 expense
1755 1010 32 27 of
1804 1011 57 26 this
1870 1009 85 32 office,
1969 1010 50 26 but
2031 1011 163 35 remedying

1284 1054 47 27 the
1346 1054 163 33 Exchequer
1522 1048 167 37 altogether,
1720 1045 54 27 and
1787 1045 89 34 doing
1903 1054 78 26 away
1993 1045 67 27 with
2076 1054 15 19 a
2115 1054 79 26 great

1285 1088 51 27 and
1351 1095 182 26 unnecessary
1554 1091 126 27 expense.
1739 1080 41 27 He
1804 1080 91 37 hoped
1907 1080 59 26 that
1996 1080 33 26 he
2042 1081 91 27 would
2148 1087 46 22 not

1284 1124 130 27 continue
1427 1131 31 19 so
1466 1116 309 34 cumbrons,ridiculous
1783 1117 53 26 and
1846 1115 100 30 absurd
1954 1126 15 17 a
1980 1116 80 27 mode
2069 1117 32 27 of
2112 1117 66 35 keep-

1285 1161 51 35 ing
1355 1165 141 27 accounts,
1517 1156 89 30 which
1620 1153 91 28 would
1727 1153 33 27 be
1785 1162 18 19 a
1815 1152 126 39 disgrace
1955 1157 30 21 to
1998 1163 14 17 a
2021 1153 71 28 tribe
2105 1153 32 30 of
2147 1154 32 27 In-

1281 1198 65 27 dian
1361 1205 123 27 savages.

1317 1234 61 27 The
1393 1233 105 35 Report
1511 1238 54 19 was
1589 1226 65 30 then
1668 1224 124 34 brought
1805 1233 47 27 np,
1865 1224 54 30 and
1946 1224 47 28 the
2015 1225 178 31 Resolutions

1283 1271 61 28 read
1357 1280 15 18 a
1385 1269 98 28 second
1498 1267 73 27 time.
1607 1264 46 27 On
1665 1264 46 25 the
1726 1261 162 28 Resolution
1896 1260 120 39 relating
2028 1269 27 21 to
2070 1264 124 38 half-pay

1281 1307 54 28 and
1349 1307 129 35 pensions
1491 1303 84 35 being
1586 1299 73 33 read,

1316 1345 54 27 Mr.
1382 1341 115 31 HUME
1511 1346 70 27 gave
1593 1337 90 28 notice
1711 1335 59 28 that
1785 1333 80 28 when
1879 1335 57 28 this
1945 1335 106 38 subject
2062 1346 76 20 came
2164 1344 30 21 to

1281 1381 31 25 be
1324 1380 105 26 farther
1440 1372 168 33 considered,
1632 1372 34 27 he
1680 1372 91 26 would
1783 1371 52 26 feel
1857 1372 24 26 it
1892 1372 44 26 his
1945 1372 69 33 duty
2028 1377 28 21 to
2075 1383 117 27 propose

1280 1415 60 27 that
1355 1415 46 26 the
1411 1414 52 26 law
1478 1409 152 35 regarding
1642 1408 149 37 poundage
1799 1415 37 19 on
1848 1407 129 37 pensions
1993 1407 33 26 be
2037 1408 156 32 abolished,

1279 1452 52 26 and
1343 1452 59 26 that
1415 1459 17 18 a
1441 1448 70 28 fixed
1525 1455 60 18 sum
1603 1444 33 27 be
1656 1443 175 27 substituted.
1889 1443 70 27 Two
1984 1452 81 27 years
2080 1454 53 24 ago
2157 1447 32 25 he

1279 1487 123 37 objected
1417 1491 27 21 to
1457 1483 57 28 this
1543 1483 61 30 law,
1615 1481 54 26 and
1682 1482 47 25 the
1743 1479 167 28 Chancellor
1928 1479 31 27 of
1977 1481 46 26 the
2035 1480 158 39 Exchequer

1280 1526 65 25 then
1375 1522 58 28 said
1447 1522 61 26 that
1537 1518 37 28 he
1585 1518 89 27 would
1689 1517 69 27 alter
1786 1517 33 31 it,
1840 1517 58 32 but,
1916 1524 72 19 none
2001 1517 104 38 having
2118 1527 76 18 since

1280 1561 83 26 taken
1378 1560 86 34 place,
1496 1557 33 26 lie
1541 1554 92 27 would
1664 1554 48 27 feel
1729 1554 22 26 it
1765 1553 43 26 his
1819 1553 70 37 duty
1900 1559 28 21 to
1942 1553 61 26 take
2015 1561 40 27 up.
2065 1559 50 21 the
2127 1556 48 26 sub-

1277 1596 57 38 ject
1348 1596 92 35 again.
1481 1593 22 27 It
1518 1594 148 34 purported
1677 1596 28 21 to
1719 1589 33 27 be
1765 1598 15 18 a
1793 1594 47 21 tax
1853 1598 35 18 on
1903 1590 137 37 pensions,
2056 1590 47 27 but
2117 1590 26 27 in
2154 1591 35 26 its

1278 1633 143 34 operation
1452 1631 24 28 it
1507 1638 54 18 was
1591 1628 100 35 partial
1721 1626 54 26 and
1805 1625 112 31 useless,
1935 1625 22 26 it
1980 1625 84 37 being
2083 1626 97 27 collect-

1280 1669 32 26 ed
1333 1678 35 18 on
1387 1668 69 27 only
1475 1676 15 17 a
1509 1674 59 19 sum
1589 1663 32 28 of
1635 1662 136 32 300,0001.
1827 1661 43 27 He
1897 1661 89 32 hoped
2009 1661 45 27 the
2072 1662 105 27 Govern-

1280 1711 74 21 tnent
1376 1703 91 28 would
1487 1702 63 28 take
1573 1701 46 26 the
1639 1700 105 34 subject
1765 1698 61 26 into
1845 1697 216 31 consideration,
2081 1698 53 26 and
2156 1707 26 19 re-

1279 1742 79 35 medy
1367 1742 47 26 the
1423 1740 64 33 evil,
1505 1749 32 18 or
1546 1736 107 28 abolish
1664 1739 45 25 the
1723 1735 61 31 law,
1798 1743 31 18 as
1840 1734 67 37 only
1918 1733 133 38 applying
2063 1739 27 22 tJ
2101 1735 92 27 minor

1283 1778 100 27 offices.

2222 231 124 34 opinion,
2365 234 33 26 be
2411 233 157 38 impo3sihle
2582 239 28 22 to
2629 243 109 26 prevent
2753 237 30 25 it.
2824 231 43 27 He
2885 231 83 34 again
2991 235 135 33 repeated,

2223 268 61 26 that
2303 269 33 27 he
2349 269 102 27 wished
2461 275 27 21 to
2502 270 33 26 be
2546 270 132 28 informed
2696 274 72 25 what
2781 274 111 33 greater
2904 273 94 22 extent
3011 269 32 25 of
3052 278 73 20 coast

2225 312 53 19 was
2290 308 28 22 to
2331 304 32 30 be
2376 305 159 32 blockaded,
2550 307 53 27 and
2620 309 74 26 what
2715 309 111 35 portion
2851 304 33 27 of
2907 304 47 27 the
2967 304 80 32 5,000
3067 315 58 19 men

2224 348 71 18 were
2304 341 130 27 intended
2450 343 41 26 for
2504 343 46 26 the
2563 348 76 21 coast
2652 346 110 25 service.
2908 370 8 1 _
3024 370 7 1 _

2258 376 46 26 Sir
2315 377 33 27 0.
2370 377 156 27 CLERKE
2542 378 70 31 said,
2628 380 63 25 that
2707 381 22 25 it
2748 387 54 18 was
2820 374 131 28 intended
2972 380 28 21 to
3024 376 67 27 have
3111 387 17 17 a

2223 416 111 30 greater
2344 418 94 22 extent
2456 413 32 26 of
2496 418 77 22 coast
2585 415 163 31 blockaded,
2761 424 39 22 as,
2816 411 250 35 notwithstanding
3083 415 45 25 the

2224 450 141 26 exertions
2381 450 30 26 of
2422 449 50 26 the
2481 448 110 37 preient
2603 451 187 31 commander,
2815 448 165 34 smugglinz
2996 456 52 18 was
3070 449 57 27 still

2222 485 180 30 successfully
2411 485 106 26 carried
2537 494 47 18 on.
2622 485 32 26 In
2676 488 47 25 the
2737 488 103 26 violent
2861 484 53 27 and
2940 484 103 34 bloody
3052 484 76 27 affair

2224 520 89 27 which
2334 522 64 25 took
2413 521 76 33 place
2502 529 35 17 on
2552 523 44 22 the
2608 527 77 20 coast
2696 523 31 24 of
2746 523 81 28 Kent,
2842 521 124 25 between
2978 522 48 24 the
3035 529 76 21 smug-

2224 554 74 31 glers
2322 557 53 25 and
2402 557 47 25 the
2469 557 157 34 preventive
2648 557 110 30 service,
2780 557 47 26 the
2849 556 102 26 former
2969 556 77 25 made
3058 556 70 26 their

2223 591 53 26 last
2289 592 65 26 bold
2366 591 96 32 effort;
2480 592 56 26 and
2548 592 77 26 since
2644 593 61 25 that
2726 598 77 20 co-ist
2828 593 48 25 has
2902 591 69 26 been
2995 591 133 35 tolerably

2223 627 52 27 free
2287 627 69 27 from
2369 627 172 34 smuggling.
2581 627 32 27 In
2634 627 57 26 this
2704 628 117 27 Cautain
2833 627 146 26 M'Alullen
2992 626 53 30 had
3061 627 66 26 been

2223 672 30 17 so
2264 663 158 31 successful,
2435 666 59 22 that
2506 664 21 25 it
2542 672 54 17 was
2615 663 167 27 determined
2804 669 27 21 to
2854 663 99 27 extend
2968 663 47 26 the
3035 661 79 27 hl.ck-

2222 698 51 27 ade
2289 699 69 26 from
2370 699 48 25 the
2441 703 77 21 coast
2543 699 31 26 of
2602 699 102 26 Sussex
2727 698 142 28 westward
2896 704 28 21 to
2947 698 48 27 the
3022 697 53 27 Isle
3102 697 32 27 of

2224 733 138 35 Sheppey,
2375 733 54 26 and
2438 735 63 25 that
2520 733 86 27 about
2626 733 41 26 six
2692 733 125 27 hundred
2846 743 109 18 seamen
2980 733 102 26 should
3097 733 33 26 be

2223 768 145 37 employed
2391 776 38 17 on
2448 769 57 25 this
2530 770 103 25 service
2661 769 87 26 under
2776 771 47 25 the
2848 780 76 17 same
2946 769 102 26 officer.
3086 769 44 26 No

2222 804 97 28 doubt,
2334 803 69 27 from
2417 803 45 26 the
2473 803 69 33 high
2554 804 91 27 duties
2668 804 90 26 which
2773 813 70 19 were
2868 804 208 35 unfortunately
3089 813 30 19 ne-

2224 847 120 27 cessary,
2353 843 78 31 great
2441 840 162 34 temptation
2617 849 54 17 was
2694 839 63 27 held
2778 846 48 21 out
2838 846 28 21 to
2880 840 174 35 smuggling,
3076 840 53 26 and

2224 876 129 33 rigorous
2374 885 133 18 measures
2520 876 32 27 of
2571 876 157 35 prevention
2745 885 53 18 was
2828 876 137 27 therefore
2979 885 152 28 necessary,

2224 913 92 26 which
2327 912 46 28 the
2387 913 135 34 proposed
2537 912 67 35 plan
2619 912 91 27 would
2722 912 91 28 effect.

2258 961 113 27 Colonel
2386 960 142 27 DAVIES
2539 960 59 28 s.►id
2611 961 61 27 that
2693 961 46 26 the
2765 969 76 20 more
2861 961 126 27 effectual
3008 961 79 27 mode
3103 961 31 26 of

2226 997 167 34 preventing
2405 997 168 35 smuggling
2583 996 89 28 would
2686 997 33 27 be
2741 1006 15 17 a
2779 997 141 27 reduction
2935 997 32 26 of
2989 997 47 26 the
3061 996 69 33 high

2226 1033 98 26 duties.
2360 1033 41 25 As
2414 1032 70 34 long
2503 1042 31 18 as
2548 1033 78 26 these
2649 1033 118 30 existed,
2789 1041 30 18 so
2837 1032 69 34 long
2926 1032 91 26 would
3040 1042 76 26 smug-

2228 1068 81 34 gling
2321 1067 142 26 continue.
2499 1067 61 27 The
2576 1077 119 26 expense
2718 1067 32 26 of
2767 1068 37 25 its
2830 1068 159 34 prevention
3004 1076 60 17 now
3076 1074 58 20 cost

2225 1104 46 25 the
2291 1107 117 32 country
2419 1103 44 26 six
2472 1111 32 19 or
2516 1111 80 19 seven
2619 1103 124 27 hundred
2763 1103 136 27 thonsand
2910 1104 106 32 pounds
3028 1111 102 27 a-year,

2228 1139 103 32 which,
2350 1139 22 27 if
2381 1139 112 37 applied
2512 1144 28 22 to
2554 1140 46 27 the
2611 1140 143 27 reduction
2769 1140 31 26 of
2816 1139 47 27 the
2876 1139 99 32 duties,
2994 1140 91 26 would
3102 1140 32 26 be

2225 1183 73 19 more
2309 1175 125 27 effectual
2459 1176 28 26 in
2519 1178 165 33 preventing
2706 1175 167 34 smuggling
2893 1176 66 26 than
2978 1183 32 19 as
3032 1176 27 27 it
3080 1185 53 18 was

2225 1220 61 18 now
2297 1209 119 39 applied.
2457 1211 32 27 In
2499 1212 56 26 this
2568 1213 78 26 there
2661 1220 56 17 was
2731 1219 35 18 no
2792 1211 85 27 moral
2898 1212 122 31 offence;
3039 1211 53 28 and
3104 1220 30 18 so

2228 1248 71 33 long
2317 1257 28 19 as
2357 1256 18 20 a
2388 1247 69 35 high
2472 1248 136 37 premium
2621 1257 53 19 was
2694 1248 64 26 held
2783 1253 60 26 out,
2867 1248 137 27 whatever
3017 1248 47 27 the
3078 1248 56 27 risk

2226 1293 64 24 was,
2304 1285 74 27 there
2393 1284 90 27 would
2496 1287 32 25 he
2541 1294 34 18 no
2595 1284 157 38 possibility
2766 1285 30 26 of
2807 1286 163 34 preventing
2992 1285 32 27 it.
3046 1285 87 27 When

2225 1322 47 27 the
2287 1320 128 27 tinanciel
2433 1330 133 18 concerns
2580 1322 31 26 of
2631 1322 46 25 the
2700 1328 118 27 country
2832 1320 90 26 would
2943 1330 78 18 come
3045 1322 89 27 under

2224 1359 47 25 the
2289 1358 204 26 consideration
2505 1358 30 25 of
2546 1359 46 25 the
2609 1358 93 30 house,
2717 1358 34 25 he
2771 1356 89 27 would
2887 1358 65 25 take
2976 1357 45 27 the
3034 1367 83 27 oppor-

2222 1393 92 32 tunity
2327 1394 31 25 of
2374 1393 148 34 adverting
2538 1397 28 21 to
2578 1393 53 26 this
2646 1393 105 35 subject
2761 1393 94 34 again.

2258 1429 54 27 Mr.
2329 1429 31 27 C.
2373 1428 124 27 smiTit
2507 1428 59 27 said
2575 1439 17 17 a
2604 1429 51 27 few
2670 1429 98 31 words,
2791 1427 91 28 which
2898 1435 70 20 were
2992 1427 142 30 inaudible

2220 1465 32 27 in
2267 1466 46 27 the
2323 1465 117 34 gallery.

2258 1514 53 28 Mr.
2324 1513 113 30 HUME
2450 1513 59 28 said
2520 1513 60 28 that
2598 1513 37 28 he
2653 1522 57 19 saw
2734 1522 34 19 no
2790 1522 96 19 reason
2898 1514 66 34 why
2983 1522 57 27 any
3056 1514 65 28 addi-

2222 1552 58 26 tion
2300 1550 99 28 should
2421 1551 34 26 be
2476 1552 77 26 made
2563 1556 28 21 to
2604 1551 47 27 the
2673 1560 78 25 navy.
2791 1550 30 27 If
2828 1560 63 17 ever
2902 1560 17 15 a
2930 1551 128 26 mischief
3074 1560 40 26 pet
3124 1566 12 6 -

2220 1589 87 26 duced
2321 1589 64 31 evil,
2396 1587 21 27 it
2432 1587 89 27 would
2538 1589 32 26 be
2583 1587 65 31 this,
2662 1587 33 27 of
2712 1587 161 30 combining
2888 1587 46 26 the
2947 1594 119 27 expense
3090 1596 31 19 ne-

2220 1632 107 27 cessary
2340 1624 44 27 for
2395 1624 47 26 the
2454 1624 113 26 defence
2589 1623 32 27 of
2637 1624 46 26 the
2702 1629 118 31 country
2835 1622 65 28 with
2911 1623 61 27 that
2991 1631 145 28 necessary

2223 1667 28 19 to
2265 1665 106 30 protect
2391 1659 39 26 its
2451 1667 129 19 revenue.
2616 1659 45 26 No
2675 1665 54 20 two
2741 1659 141 37 questions
2897 1668 67 18 were.
2986 1667 74 19 more
3081 1659 41 26 dis-

2224 1697 79 27 tinct.
2329 1695 37 27 So
2378 1696 39 26 far
2428 1695 69 27 from
2515 1696 35 26 its
2564 1695 86 37 being
2661 1696 89 26 useful
2765 1702 27 20 to
2806 1703 107 18 seamen
2933 1694 44 27 for
2989 1694 89 27 future
3090 1704 31 18 oc-

2220 1731 111 27 casions
2344 1739 28 19 to
2387 1731 33 27 be
2434 1731 144 38 employed
2593 1741 34 18 on
2641 1731 56 26 this
2713 1731 113 31 service,
2846 1740 71 18 none
2936 1739 57 19 was
3007 1739 71 19 more
3097 1731 26 27 in-

2224 1768 118 34 jurious,
2354 1767 119 28 because
2494 1769 22 25 it
2532 1768 115 27 lowered
2661 1769 74 25 them
2748 1768 28 26 in
2791 1767 73 27 their
2885 1775 66 18 own
2969 1767 165 33 estimation,

2220 1804 56 27 and
2288 1804 66 35 they
2376 1812 67 19 were
2458 1804 89 27 under
2567 1813 14 18 a
2595 1813 76 18 more
2685 1805 110 26 relaxed
2809 1802 148 37 discipline
2969 1804 66 26 than
3046 1804 28 26 in
3085 1804 48 27 the

2224 1848 79 27 navy.
2342 1839 41 28 He
2396 1848 54 19 was
2464 1841 116 27 anxious
2593 1846 31 22 to
2639 1840 81 27 know
2733 1841 61 26 how
2807 1840 81 27 much
2903 1840 33 26 of
2946 1840 46 27 the
3001 1840 132 35 proposed

2223 1883 63 21 vote
2298 1886 53 18 was
2360 1877 130 27 intended
2504 1877 43 27 for
2559 1878 47 27 the
2619 1877 115 27 defence
2745 1876 32 27 of
2787 1876 46 28 the
2846 1881 131 31 country,
3002 1880 53 22 and
3072 1880 61 22 how

2223 1913 81 27 much
2320 1915 44 26 for
2378 1915 47 26 the
2439 1915 161 33 prevention
2614 1915 32 26 of
2656 1913 175 35 smuggling.
2864 1912 41 27 He
2920 1913 90 27 would
3022 1913 32 26 he
3069 1915 64 31 glad

2220 1956 28 21 to
2265 1950 83 27 know
2363 1950 71 27 whit
2447 1959 54 18 was
2523 1951 45 26 the
2595 1950 79 27 effect
2699 1950 32 27 of
2746 1950 48 27 the
2809 1949 92 27 duties
2911 1958 34 18 on
2962 1952 45 24 the
3017 1955 77 21 coast
3106 1950 30 26 of

2220 1985 119 30 Ireland.
2360 1985 116 28 because
2494 1987 60 27 that
2576 1985 89 28 would
2679 1985 98 28 enable
2790 1985 76 27 them
2880 1991 30 21 to
2922 1985 135 27 calculate
3071 1985 63 28 how

2220 2026 80 26 much
2326 2026 66 35 they
2418 2033 71 19 were
2512 2029 27 21 to
2562 2029 99 31 expect
2683 2026 66 26 from
2778 2023 91 27 future
2888 2024 164 26 reductions.
3091 2022 44 28 He

2222 2060 90 30 would
2331 2061 51 27 ask
2402 2060 43 28 for
2466 2061 76 27 what
2564 2070 46 19 use
2629 2061 181 35 twenty-nine
2833 2060 137 28 thousand
2991 2069 63 20 men
3067 2069 67 20 were

2220 2108 61 18 now
2296 2105 27 21 to
2334 2099 33 27 be
2380 2099 107 28 raised?
2507 2098 43 27 fir
2574 2099 28 27 in
2617 2098 66 32 1517
2699 2099 54 26 and
2771 2096 73 34 1515,
2859 2099 78 27 when
2952 2107 17 18 a
2986 2096 146 28 reduction

2218 2137 33 26 of
2261 2144 51 19 our
2326 2135 80 27 naval
2426 2135 74 26 force
2513 2144 54 18 was
2589 2135 98 34 urged,
2709 2135 21 26 it
2746 2144 53 18 was
2813 2134 89 27 stated
2923 2135 63 26 then
3001 2135 35 35 by
3047 2143 14 19 a
3077 2135 38 26 No-

2220 2173 44 26 ble
2280 2173 83 30 Lord,
2374 2180 60 18 now
2448 2180 34 18 no
2497 2181 74 17 more
2589 2171 89 37 (Lord
2689 2171 204 37 Castlereagh),
2911 2172 59 26 that
2985 2180 38 18 we
3033 2171 99 27 should

2220 2207 128 27 recollect
2369 2217 52 17 our
2439 2207 139 31 situation,
2596 2207 56 26 and
2678 2213 47 20 not
2751 2207 92 33 forget
2861 2211 63 22 that
2942 2207 47 26 the
3014 2212 71 21 state
3102 2207 32 26 of

2219 2244 111 35 Europe
2344 2254 54 18 was
2409 2249 47 21 not
2471 2249 46 31 yet
2528 2243 110 32 settled,
2652 2244 48 26 but
2712 2254 30 17 as
2752 2252 66 18 soon
2830 2254 30 17 as
2871 2244 21 27 it
2906 2243 52 27 had
2980 2243 124 27 assumed
3118 2254 15 17 a

2222 2290 76 19 more
2319 2281 120 38 tranytil
2463 2285 104 30 aspect,
2593 2280 159 28 reductions
2771 2281 91 37 might
2888 2281 33 27 be
2942 2289 74 18 more
3040 2280 83 38 (tidy

2219 2319 99 34 urged.
2355 2319 259 33 Notwithstanding
2629 2319 76 26 these
2718 2319 94 35 hopes,
2836 2319 66 37 they
2915 2323 70 21 went
2995 2326 34 19 on
3043 2326 84 27 every

2218 2365 66 26 year
2295 2355 168 35 increasing,
2478 2355 43 26 till
2532 2363 50 19 our
2591 2354 79 30 naval
2685 2355 76 27 force
2769 2365 63 18 now
2839 2354 133 28 exceeded
2987 2354 35 37 by
3035 2355 98 27 twelve

2219 2392 138 27 thousand
2379 2400 72 22 :nen,
2464 2391 73 27 what
2549 2392 22 26 it
2585 2391 53 27 had
2663 2401 63 18 ever
2743 2392 28 26 in
2802 2392 46 26 the
2870 2391 53 27 last
2940 2400 90 26 peace.
3069 2391 65 27 Last

2218 2437 67 28 year
2302 2428 69 32 also,
2382 2430 76 26 there
2472 2435 53 20 was
2537 2435 34 20 an
2585 2428 122 27 increase
2725 2428 32 27 of
2766 2428 61 28 four
2841 2428 137 27 thousand
2993 2437 71 24 men,
3076 2427 54 28 and

2219 2465 79 28 when
2321 2473 35 20 an
2378 2465 177 35 explanation
2569 2465 43 27 for
2626 2465 45 27 the
2682 2465 132 37 necessity
2828 2467 32 25 of
2869 2465 67 27 such
2963 2473 33 18 an
3012 2465 122 27 increase

2219 2511 53 17 was
2293 2502 89 26 called
2394 2502 51 31 for,
2458 2502 24 26 it
2494 2510 54 18 was
2570 2502 104 34 replied
2691 2503 58 25 that
2774 2502 20 26 it
2810 2511 53 17 was
2882 2510 142 27 necessary
3046 2502 43 26 for
3102 2510 32 18 us

2220 2542 30 24 to
2262 2546 58 18 arm
2331 2538 28 26 in
2374 2545 190 27 consequence
2584 2537 32 27 of
2637 2538 48 25 the
2709 2537 148 27 hostilities
2880 2537 90 27 which
2987 2546 67 17 were
3067 2538 66 26 then

2220 2574 87 38 likely
2324 2580 28 21 to
2363 2574 63 27 take
2443 2574 78 35 place
2533 2572 122 28 between
2666 2572 106 27 France
2783 2574 53 26 and
2851 2572 84 37 Spain
2952 2583 8 22 ;
2978 2572 53 26 and
3044 2583 34 17 no
3089 2583 47 26 up.

2217 2610 122 35 position
2357 2619 53 19 was
2425 2611 84 33 given
2522 2614 27 22 to
2563 2611 48 26 the
2626 2615 67 22 vote.
2733 2610 56 26 lint
2811 2619 61 18 now
2897 2611 61 25 that
2978 2617 79 27 peace
3081 2610 51 26 had

2220 2647 118 33 arrived,
2353 2648 59 26 that
2427 2647 47 27 the
2498 2644 93 28 affairs
2611 2644 122 30 between
2761 2644 105 30 France
2890 2644 54 28 and
2965 2646 86 35 Spain
3067 2655 69 19 were

2218 2683 109 33 settled,
2340 2683 57 28 and
2414 2683 53 27 the
2479 2683 128 38 question
2628 2683 161 37 respecting
2799 2683 89 26 South
2911 2683 126 26 America
3047 2689 41 21 set
3107 2691 28 20 at

2220 2726 54 22 rest
2287 2721 38 35 by
2343 2722 46 26 the
2404 2726 98 30 speech
2516 2721 31 27 of
2564 2721 47 26 the
2631 2721 142 27 President
2792 2720 32 27 of
2841 2721 46 26 the
2909 2719 104 28 United
3033 2721 99 30 States,

2219 2758 103 27 thanks
2342 2763 27 21 to
2383 2758 56 26 him
2453 2757 54 27 and
2523 2761 47 22 not
2583 2764 27 20 to
2627 2767 31 17 us
2670 2769 7 20 ;
2698 2758 43 26 for
2752 2757 24 27 if
2784 2766 38 18 we
2835 2757 52 27 had
2915 2757 53 26 had
2989 2758 47 25 the
3058 2766 57 18 man-

2219 2794 73 26 hood
2306 2799 28 21 to
2356 2794 85 35 speak
2454 2798 50 22 out
2520 2802 31 19 as
2578 2794 33 25 he
2631 2793 53 27 had
2711 2793 83 31 done,
2813 2802 40 19 we
2876 2793 91 33 might
2987 2793 69 26 have
3077 2802 43 27 pre-

2218 2829 97 30 vented
2328 2829 46 30 the
2395 2838 83 26 peace
2490 2829 33 28 of
2544 2829 112 38 Europe
2678 2829 71 27 from
2776 2829 86 32 being
2885 2828 154 28 disturbed.
3078 2829 57 28 But

2220 2867 132 38 England
2368 2867 89 28 feared
2470 2872 28 21 to
2512 2867 84 28 break
2610 2876 37 25 up
2661 2867 44 26 the
2722 2865 73 37 Holy
2809 2867 138 31 Alliance,
2970 2867 91 26 which
3077 2874 57 20 was

2217 2904 154 37 extending
2383 2903 176 34 itsarbitrary
2572 2911 58 19 arm
2642 2911 64 19 over
2719 2903 45 27 the
2773 2902 96 27 world.
2893 2902 94 28 Under
3000 2903 74 27 these
3084 2903 38 27 cir-

2218 2947 183 26 cumstances,
2412 2942 73 25 what
2496 2939 129 28 occasion
2636 2939 81 28 could
2730 2939 74 27 there
2813 2939 33 27 be
2857 2939 41 26 for
2906 2948 34 17 an
2952 2939 123 28 increase
3084 2939 12 28 ?
3112 2939 24 27 If

2220 2978 43 26 his
2276 2978 144 37 Majesty's
2435 2976 141 27 Ministers
2596 2978 52 25 had
2676 2976 190 30 information,
2893 2975 125 34 (though
3045 2985 71 18 some-

2220 3014 80 27 times
2322 3017 66 32 they
2411 3022 71 17 were
2502 3021 64 27 very
2585 3011 125 28 deficient
2743 3012 27 26 in
2789 3012 48 35 it),
2858 3012 60 26 that
2944 3020 15 17 a
2989 3013 74 25 force
3078 3021 56 17 was

2218 3048 133 40 pressing
2365 3050 27 26 in
2409 3048 106 35 Europe
2526 3048 111 35 against
2652 3048 89 27 South
2765 3047 138 32 America,
2924 3048 65 34 they
3002 3048 90 33 ought
3104 3052 30 24 to

2218 3085 81 37 speak
2311 3092 59 25 our,
2383 3085 54 27 and
2459 3090 48 21 nut
2518 3085 120 27 increase
2650 3086 72 25 their
2735 3084 78 27 naval
2826 3084 72 27 force
2910 3085 86 25 under
3009 3089 46 22 the
3071 3093 46 27 pre-

2219 3128 78 21 tence
2314 3122 32 27 of
2363 3131 15 17 a
2393 3120 145 28 blockade.
2578 3122 41 25 He
2634 3120 100 27 would.
2759 3120 146 31 therefore,
2927 3120 91 34 object
3039 3126 30 20 to
3086 3122 47 25 the

2220 3163 71 26 vote,
2311 3157 53 27 and
2379 3157 47 26 the
2438 3158 87 26 house
2544 3157 103 34 ought,
2670 3158 27 25 in
2724 3156 44 26 his
2791 3156 123 30 opinion,
2939 3164 103 18 concur
3066 3157 66 26 with

2219 3194 67 27 him.
2326 3193 167 31 Thoseavho
2504 3193 115 26 boasted
2629 3193 31 26 of
2678 3193 45 26 the
2741 3193 155 34 prosperity
2909 3191 31 26 of
2952 3193 46 24 the
3005 3197 129 28 country,

2220 3230 65 27 took
2300 3234 79 31 great
2391 3228 85 27 credit
2491 3235 26 19 to
2529 3228 164 27 themselves
2705 3228 44 27 for
2763 3227 157 35 remaining
2933 3231 28 21 at
2975 3236 90 25 peace,
3079 3227 54 27 and

2220 3269 66 34 they
2311 3265 130 30 deserved
2461 3266 22 25 it
2509 3265 116 27 because
2648 3265 77 27 there
2743 3263 84 28 could
2848 3265 32 26 be
2902 3272 37 19 no
2961 3265 89 26 doubt
3076 3266 60 25 that

2220 3312 81 28 peace
2316 3312 54 18 was
2391 3304 47 26 the
2460 3302 116 27 interest
2588 3301 32 27 of
2630 3302 47 26 the
2695 3307 132 28 country.
2864 3300 66 27 Still
2944 3299 25 27 if
2983 3309 17 17 a
3022 3305 72 22 state
3107 3301 28 25 of

2219 3341 112 26 defence
2355 3347 54 19 was
2434 3347 155 26 necessary,
2607 3340 47 24 the
2676 3344 118 30 country
2809 3337 92 35 ought
2928 3341 30 20 to
2983 3345 106 17 assume
3104 3337 31 30 it,

2220 3377 52 26 and
2284 3377 47 25 the
2347 3376 56 26 real
2415 3383 80 19 cause
2507 3373 34 27 be
2555 3376 122 25 avowed.
2717 3373 73 27 Even
2804 3373 117 26 without
2940 3374 46 24 the
2996 3381 51 26 pro
3069 3373 65 25 used

2220 3413 122 26 increase
2356 3409 131 38 England
2503 3410 53 26 had
2571 3419 73 18 mare
2657 3409 78 37 ships
2748 3410 53 26 and
2820 3418 61 17 (nen
2897 3410 65 25 than
2978 3417 54 27 any
3044 3407 90 33 other,

2220 3449 52 27 and
2300 3458 34 18 no
2357 3456 81 19 cause
2466 3446 44 27 fur
2537 3446 46 27 the
2608 3446 124 27 increase
2760 3445 80 27 could
2869 3446 31 26 he
2922 3446 96 25 shown
3043 3445 91 27 unless

2220 3485 105 35 danger
2365 3494 69 18 weie
2469 3483 194 38 apprehended
2701 3484 71 26 front
2809 3491 77 19 some
2919 3485 125 33 quarter.
3092 3482 44 27 To

2222 3524 97 26 render
2337 3522 46 27 the
2411 3530 72 27 navy
2497 3520 171 31 tormidable,
2693 3519 163 38 something
2880 3528 74 18 more
2978 3520 70 26 than
3071 3527 63 18 men

2222 3569 52 17 was
2296 3567 152 27 necessary.
2489 3557 32 26 In
2541 3557 38 27 its
2600 3563 111 30 present
2738 3562 79 25 state,
2846 3557 72 34 good
2941 3565 107 18 seamen
3067 3565 66 18 were

2220 3596 150 33 unwilling
2395 3602 28 20 to
2432 3600 77 21 enter
2536 3594 31 32 it,
2590 3594 115 27 because
2725 3602 35 17 no
2780 3602 63 17 man
2868 3591 58 28 will
2955 3593 109 35 change
3089 3592 45 26 his

2218 3633 144 31 situation,
2375 3632 93 27 unless
2479 3631 32 26 lie
2524 3630 52 27 had
2591 3639 17 18 a
2621 3630 70 35 hope
2713 3630 32 26 of
2756 3630 143 35 bettering
2920 3630 34 26 it.
2992 3628 143 34 Formerly

2220 3670 78 25 when
2313 3677 56 27 any
2383 3676 63 19 man
2466 3667 109 27 entered
2597 3669 47 25 the
2659 3676 80 26 navy,
2753 3676 35 17 no
2802 3670 98 22 matter
2913 3667 74 24 what
3000 3664 133 27 situation

2219 3705 33 27 he
2271 3705 60 28 first
2350 3704 84 32 tilled,
2448 3705 33 26 lie
2497 3704 53 26 had
2565 3704 46 27 the
2634 3703 70 35 hope
2726 3702 31 27 of
2781 3702 87 34 rising
2889 3706 28 21 to
2944 3702 47 26 the
3017 3702 116 32 highest

2217 3744 81 28 rank;
2317 3743 50 24 and
2380 3743 20 24 it
2413 3749 52 18 was
2477 3748 50 18 our
2539 3741 92 28 boast,
2649 3741 54 24 that
2717 3739 78 25 while
2813 3739 26 24 in
2854 3738 81 33 Spain
2957 3738 50 25 and
3031 3737 103 25 France

2216 3782 69 18 none
2294 3777 78 25 could
2385 3776 51 24 rise
2448 3780 27 19 to
2494 3775 76 24 naval
2582 3775 137 24 command
2733 3776 45 21 but
2790 3777 74 20 those
2877 3774 90 22 whose
2979 3778 69 17 arms
3065 3778 70 17 were

2220 3809 172 25 embinaoned
2408 3809 61 24 with
2486 3808 99 31 hedges
2608 3808 31 24 of
2662 3806 122 32 nobility,
2807 3806 26 25 in
2855 3806 123 31 England
3000 3811 50 24 any
3073 3811 58 17 man

2216 3842 83 28 might
2309 3843 52 21 rise
2373 3846 27 20 to
2413 3842 43 22 the
2467 3840 136 25 command
2615 3840 32 25 of
2653 3840 40 24 his
2707 3839 117 24 national
2836 3839 70 24 fleet.
2943 3839 64 22 Now
3021 3840 41 20 the
3073 3844 60 15 case

2220 3880 53 17 was
2287 3874 110 30 altered,
2408 3876 50 21 and
2469 3881 33 15 an
2515 3874 85 22 Order
2611 3873 30 24 of
2657 3870 119 28 Council,
2802 3870 84 25 which
2908 3870 31 22 he
2960 3870 86 22 would
3060 3869 71 28 read,

2217 3913 53 18 was
2282 3906 98 30 issued,
2393 3906 156 33 preventing
2562 3913 109 25 persons
2685 3906 30 24 of
2730 3905 99 25 certain
2848 3905 98 24 classes
2959 3904 65 24 from
3047 3904 83 30 rising

2215 3943 27 20 to
2255 3947 14 15 a
2285 3939 93 31 higher
2391 3941 97 22 station
2512 3939 26 24 in
2564 3943 41 20 the
2619 3946 78 24 navy.
2732 3938 64 24 Was
2818 3938 52 24 this
2893 3939 43 21 the
2957 3935 126 25 situation
3107 3935 25 24 iii

2216 3972 85 25 which
2311 3976 43 21 the
2366 3973 98 24 British
2477 3979 69 24 navy
2562 3972 83 31 ought
2656 3976 27 19 to
2696 3971 51 24 be?
2784 3970 64 25 Was
2868 3969 20 25 it
2900 3969 61 25 such
2972 3976 15 17 a
2999 3973 69 19 state
3080 3969 53 24 that

2215 4005 85 24 raised
2311 4005 21 24 it
2344 4009 26 20 to
2383 4007 33 21 its
2426 4007 107 28 present
2545 4004 200 31 preeminence?
2780 4002 26 25 If
2823 4007 96 19 twelve
2941 4002 76 24 naval
3030 4002 102 24 officers

2215 4045 69 15 were
2294 4038 123 27 selected,
2431 4039 32 21 lie
2476 4045 53 15 was
2541 4037 117 24 satisfied
2670 4037 54 22 that
2738 4036 92 22 eleven
2854 4038 46 20 out
2920 4035 32 22 of
2967 4035 43 22 the
3035 4033 96 25 twelve

2215 4071 87 25 would
2314 4078 58 22 say,
2386 4072 56 22 that
2456 4071 41 22 the
2509 4072 106 28 present
2629 4070 86 22 would
2730 4067 148 32 ultimately
2891 4068 32 22 be
2934 4067 35 24 its
2982 4067 66 24 ruin.
3076 4067 58 25 The

2213 4104 85 25 Order
2309 4106 30 24 of
2356 4104 109 24 Council
2481 4111 52 15 was
2545 4103 87 24 issued
2657 4102 26 24 in
2700 4102 30 24 Its
2730 4103 9 25 -
2739 4103 31 25 13,
2789 4101 48 25 mud
2864 4101 86 24 stated
2961 4098 57 25 that
3031 4107 32 17 no
3074 4107 44 25 per-

2212 4144 48 17 son
2275 4144 53 17 was
2341 4137 107 30 rligibir
2461 4142 26 17 to
2502 4139 32 20 be
2546 4143 14 15 a
2574 4136 151 25 lieuteuaut,
2740 4137 57 20 who
2815 4139 53 19 was
2890 4139 15 18 a
2927 4134 57 22 first
3006 4137 109 19 warrant-

2212 4173 106 25 master,
2326 4178 31 17 or
2369 4178 14 15 a
2395 4170 96 22 second
2506 4172 111 20 warrant
2629 4170 113 22 master;
2763 4166 26 22 in
2815 4166 61 28 fact,
2898 4165 53 24 that
2965 4165 34 24 all
3012 4169 119 25 masters,

2211 4206 94 26 except
2319 4204 41 21 the
2372 4200 198 27 schoolwaster,
2582 4201 57 21 who
2652 4199 30 24 of
2691 4204 92 18 course
2796 4204 53 17 was
2862 4196 191 30 uitacqtia!ntett
3069 4198 61 22 with

2212 4235 77 22 naval
2301 4234 98 27 affairs,
2414 4240 70 17 were
2505 4232 126 24 excluded
2654 4231 65 24 from
2732 4230 79 30 being
2833 4235 189 17 commanders.
3059 4228 69 25 Lord

2212 4269 86 24 Howe
2310 4269 85 24 stated
2407 4267 54 24 that
2474 4267 31 22 he
2517 4271 54 18 was
2584 4264 73 25 much
2669 4261 125 26 indebted
2818 4261 41 24 far
2878 4261 40 24 his
2941 4269 135 17 successes
3099 4265 28 21 to

2211 4302 40 24 his
2267 4305 119 21 masters.
2418 4300 66 24 This
2497 4305 56 17 was
2563 4305 73 17 some
2648 4297 80 31 proof
2743 4294 31 25 of
2786 4297 43 22 the
2841 4294 94 31 ability
2947 4294 35 24 of
2994 4294 51 24 this
3057 4294 70 25 class

2211 4337 30 22 of
2256 4342 66 19 men.
2333 4336 51 24 and
2395 4333 31 25 of
2440 4333 67 24 their
2518 4331 146 32 capability
2683 4333 28 20 to
2732 4329 145 24 coin:nand.
2913 4328 111 24 Besides
3047 4328 74 25 these

2210 4369 164 30 grievances,
2387 4368 20 24 it
2419 4365 145 33 frequently
2584 4363 133 33 happened
2740 4365 57 20 that
2820 4368 77 25 many
2920 4367 90 26 young
3022 4359 102 26 officers

2213 4408 69 18 were
2293 4400 137 32 promoted
2441 4406 63 19 over
2515 4400 45 22 the
2570 4398 81 24 heads
2665 4397 32 24 of
2709 4396 44 22 old
2766 4394 51 25 and
2833 4393 174 33 experienced
3022 4400 103 18 men.—
3135 4393 1 39 '

2212 4434 69 30 Why
2293 4433 93 25 should
2399 4434 52 24 this
2463 4435 97 28 system
2572 4431 33 24 be
2616 4430 119 24 different
2746 4429 26 22 in
2781 4429 41 22 the
2836 4434 66 24 navy
2911 4427 50 24 and
2975 4430 41 19 the
3031 4433 72 25 army
3116 4426 11 25 1

2213 4467 28 24 In
2257 4467 41 24 the
2311 4474 72 22 army
2395 4474 15 17 a
2422 4465 116 32 serjeant
2551 4470 57 25 may
2630 4465 52 22 rise
2694 4466 27 19 to
2735 4467 50 24 any
2799 4462 60 21 rank
2872 4467 7 21 ;
2898 4461 48 22 and
2970 4459 59 32 why
3052 4462 45 20 nut
3111 4467 15 15 a

2215 4504 112 19 warrant
2339 4499 86 24 officer
2438 4500 26 22 iu
2489 4500 43 22 the
2551 4504 67 24 navy
2627 4495 109 25 ?---Iu
2752 4494 61 22 Iti22
2831 4499 47 18 our
2897 4491 77 25 uaval
2989 4492 72 24 force
3074 4498 53 18 was

2209 4532 94 27 20,000
2315 4538 66 20 men,
2394 4532 50 24 and
2454 4538 14 17 a
2483 4530 98 24 further
2593 4530 117 22 increase
2724 4533 54 15 was
2800 4524 111 25 allowed
2926 4525 79 22 under
3018 4527 44 20 the
3071 4530 43 25 pre-

2213 4567 73 20 tence
2298 4564 32 24 of
2344 4564 43 24 the
2398 4570 80 25 peace
2490 4564 31 22 of
2528 4560 123 30 England
2665 4559 79 30 being
2756 4558 149 25 disturbed,
2916 4556 40 25 till
2969 4563 69 22 now,
3051 4557 35 32 by
3094 4564 33 17 an

2211 4594 146 26 additio:al
2368 4594 117 25 increase
2496 4594 32 25 of
2541 4596 77 26 6000,
2629 4594 21 22 it
2661 4592 141 24 amounted
2820 4594 27 20 to
2859 4590 103 28 29,000.
2974 4589 94 25 'Dwelt
3081 4597 34 17 no
3135 4589 1 37 1

2213 4636 58 18 man
2284 4635 54 18 was
2354 4635 71 18 more
2437 4629 112 22 anxious
2567 4628 60 22 than
2640 4626 31 22 he
2683 4629 27 20 to
2724 4632 45 15 see
2786 4625 44 21 the
2842 4630 70 24 navy
2933 4624 44 22 the
2996 4624 131 30 strongest

2212 4668 54 18 arm
2281 4661 31 25 of
2327 4668 48 18 our
2387 4661 117 27 defence,
2517 4659 64 30 still,
2603 4659 80 24 under
2696 4658 33 22 its
2743 4659 104 28 present
2869 4658 110 28 system.
2991 4656 32 24 he
3035 4655 92 25 should

2212 4698 100 27 oppose
2326 4695 43 22 the
2380 4696 130 28 proposed
2522 4693 130 26 increase,
2683 4691 59 22 One
2751 4690 31 24 of
2797 4693 44 21 the
2852 4693 67 20 most
2931 4687 196 32 objectionable

2211 4730 73 27 parts
2295 4726 31 25 of
2340 4727 44 24 the
2396 4729 98 28 system
2513 4731 64 22 was,
2598 4723 111 32 keeping
2724 4729 58 17 men
2805 4728 34 18 on
2852 4721 81 24 board
2957 4720 92 32 duriug
3061 4720 67 25 their

2213 4759 73 30 lives,
2301 4761 51 22 and
2363 4759 92 31 giving
2469 4757 137 32 unfledged
2615 4757 67 31 boys
2694 4757 43 22 the
2758 4761 89 26 power
2868 4754 31 24 of
2911 4752 216 33 flogging.—(An

2215 4793 72 24 Hon.
2298 4792 119 25 Member
2437 4795 61 20 here
2520 4791 136 24 intimated
2679 4792 56 20 that
2757 4787 128 31 Captains
2906 4786 65 31 only
2998 4786 51 24 had
3071 4789 57 20 that
3135 4785 1 33 '

2211 4824 227 32 power.)—Well,
2450 4826 71 25 then,
2532 4821 141 25 continued
2688 4821 52 22 Mr.
2753 4820 45 28 11.,
2811 4819 21 24 it
2851 4819 24 24 is
2887 4818 34 24 all
2937 4821 43 20 the
2989 4824 81 21 same,
3086 4818 41 24 for

2211 4858 126 31 Captains
2349 4863 45 18 are
2406 4861 60 18 now
2477 4861 31 18 as
2517 4861 89 25 young
2624 4861 30 15 as
2679 4852 176 30 Midshipmen
2880 4848 123 32 formerly
3017 4856 112 19 were.—

2213 4890 58 25 The
2283 4889 72 25 Hon.
2368 4889 118 24 Member
2497 4887 143 24 concluded
2662 4885 33 31 by
2707 4883 148 32 protesting
2867 4883 105 28 against
2989 4889 51 25 any
3056 4881 60 25 addi-

2211 4920 83 26 tional
2304 4922 125 27 increase,
2443 4920 52 24 and
2507 4919 91 25 moved
2613 4918 65 28 that,
2693 4917 102 24 instead
2811 4916 31 25 of
2856 4915 96 28 29,000
2973 4920 70 21 men.
3056 4915 71 24 there

2213 4956 33 24 be
2269 4954 158 26 substituted
2447 4954 102 28 25,000.
2594 4951 41 24 On
2669 4950 52 24 this
2743 4946 102 33 subject
2874 4949 33 24 he
2949 4954 54 18 was
3035 4948 71 24 deter-

2215 4988 84 24 mined
2313 4991 27 20 to
2353 4988 59 22 take
2425 4987 43 22 the
2479 4993 76 17 sense
2570 4984 31 24 of
2616 4985 41 21 the
2670 4983 91 27 house,
2774 4988 64 18 even
2851 4980 60 26 iftie
2923 4985 69 18 were
3000 4983 28 20 to
3040 4980 40 24 di,
3089 4981 39 22 ide

2213 5021 85 30 alone,
2311 5019 89 25 unless
2409 5026 72 17 some
2504 5019 85 24 better
2611 5022 93 17 reason
2725 5014 77 25 could
2828 5014 32 25 be
2882 5011 125 32 assigned
3030 5011 39 25 for
3092 5011 34 24 its

2213 5052 139 32 necessity.

2246 5086 39 24 On
2298 5086 44 24 the
2353 5083 162 24 amendment
2528 5080 80 30 being
2620 5079 61 25 read
2693 5079 35 31 by
2740 5079 43 25 the
2794 5078 150 25 Chairman.

2248 5119 46 26 Sir
2307 5117 34 27 0.
2353 5114 129 28 CLERK
2489 5113 20 27 E
2531 5122 59 17 rose
2606 5113 41 25 for
2661 5112 47 24 the
2722 5119 118 26 purpose
2854 5109 32 26 of
2896 5107 130 37 replying
3035 5112 28 22 to
3078 5106 47 27 the

2212 5152 190 30 observations
2425 5151 77 27 made
2522 5148 37 37 by
2582 5148 48 27 the
2657 5146 72 27 lion.
2753 5145 124 27 Member
2904 5144 41 26 for
2970 5143 154 33 Aberdeen,

2215 5191 64 26 with
2294 5187 102 37 regard
2407 5193 28 21 to
2448 5189 46 25 the
2512 5185 113 35 opinion
2644 5183 142 32 expressed
2813 5181 34 34 by
2862 5181 46 26 the
2921 5180 96 26 House
3033 5180 28 26 in
3076 5179 48 26 the

2212 5233 66 28 year
2293 5224 78 31 1817,
2388 5232 35 17 on
2438 5223 45 26 the
2505 5220 135 26 maritime
2653 5218 92 26 affairs
2765 5217 34 26 of
2819 5218 45 25 the
2890 5215 105 27 nation.
3033 5215 32 26 In
3081 5215 43 26 his

2215 5259 174 30 recollection
2411 5259 77 26 there
2512 5265 54 18 was
2593 5256 50 25 but
2667 5261 51 19 one
2730 5254 149 26 sentiment
2887 5259 30 19 in
2931 5251 46 26 the
2993 5249 131 28 House—

2213 5302 48 24 not
2274 5297 28 26 in
2316 5295 61 27 that
2391 5298 71 32 part,
2481 5291 144 35 certainly,
2644 5290 91 25 where
2752 5290 47 25 the
2815 5288 71 26 Hon.
2901 5285 125 27 Member
3048 5291 78 21 sat—

2215 5334 59 26 that
2288 5331 47 26 the
2348 5329 80 28 naval
2453 5329 74 26 force
2541 5336 54 17 was
2608 5328 65 24 then
2687 5324 118 27 reduced
2826 5331 46 19 too
2881 5323 60 31 low,
2960 5331 67 18 even
3043 5322 81 26 lower

2215 5370 64 25 than
2290 5368 47 25 the
2350 5366 92 34 period
2464 5365 32 25 of
2520 5361 168 32 1792—that
2708 5359 93 35 period
2823 5365 28 20 to
2865 5359 90 26 which
2982 5357 47 26 the
3048 5357 76 26 Hon.

2212 5402 162 27 Gentleman
2387 5408 31 18 so
2440 5396 157 38 frequently
2616 5393 265 37 referred.—(Hear,
2902 5394 90 35 hear.)
3030 5392 27 27 It
3069 5400 56 18 was

2215 5440 118 33 imputed
2349 5443 27 20 to
2388 5437 56 26 him
2458 5440 59 21 that
2532 5434 32 26 he
2580 5431 52 28 had
2646 5430 84 35 given
2752 5438 37 18 no
2811 5430 86 27 better
2911 5438 96 19 reason
3021 5430 40 26 for
3078 5431 48 25 the

2215 5478 107 34 present
2336 5470 138 30 increased
2497 5476 64 21 vote
2582 5469 66 26 than
2668 5469 46 26 the
2735 5466 165 35 augmented
2926 5472 77 22 coast
3030 5464 83 28 Is'o,l

2216 5511 59 32 ade,
2295 5510 50 26 but
2361 5515 46 21 the
2431 5507 74 26 Hon.
2517 5504 164 30 Gentleman
2709 5507 72 21 must
2793 5502 135 39 certainly
2941 5504 69 26 base
3024 5509 86 19 misun-

2215 5546 129 30 derstood
2357 5544 66 27 hint.
2465 5544 81 26 What
2557 5541 34 27 he
2606 5541 61 35 (Sir
2679 5539 33 27 G.
2727 5539 115 35 Clerke)
2856 5541 84 27 relied
2960 5549 45 22 on,
3030 5538 28 27 in
3081 5542 44 24 the

2215 5591 96 20 course
2327 5581 31 27 of
2380 5580 45 27 his
2443 5582 159 26 statement,
2622 5585 56 18 was
2700 5577 48 26 the
2776 5577 136 27 unsettle,:
2935 5581 69 24 state
3026 5574 31 27 of
3078 5575 47 25 the

2216 5619 120 37 Spanish
2352 5616 141 28 Colonies.
2511 5614 53 26 and
2582 5619 45 20 the
2640 5611 136 35 necessity
2789 5611 32 27 of
2841 5621 17 18 a
2875 5613 51 26 full
2940 5613 54 26 and
3007 5615 105 31 protect-

2218 5657 48 31 ing
2278 5652 73 26 force
2367 5657 27 20 to
2411 5649 104 27 British
2529 5655 152 20 commerce
2704 5647 87 35 being
2815 5648 169 27 maintains'
3005 5654 30 18 in
3050 5646 77 26 those

2217 5696 13 20 s
2230 5686 190 34 eas.—(Hear,
2440 5685 87 33 hear.)
2559 5683 31 26 In
2604 5691 63 19 case
2681 5683 149 26 hostilities
2842 5685 64 25 took
2920 5683 77 37 place
3007 5682 118 26 between

2218 5724 80 38 Spain
2314 5724 54 26 and
2385 5725 47 24 her
2446 5720 139 31 Colonies,
2606 5721 47 25 the
2670 5718 125 28 interests
2818 5719 32 27 of
2870 5721 57 26 this
2952 5724 117 30 country
3081 5717 31 26 de-

2220 5759 111 30 manded
2344 5761 60 25 that
2427 5769 17 15 a
2467 5756 135 27 sufficient
2626 5757 73 25 force
2714 5756 100 26 should
2837 5756 33 27 be
2884 5756 84 35 ready
2980 5761 28 20 to
3021 5758 84 31 protet
3115 5756 12 22 t

2220 5799 35 25 its
2268 5802 150 20 commerce
2430 5794 109 34 against
2559 5794 76 25 those
2648 5791 98 26 abuses
2761 5791 91 28 which
2881 5800 33 19 an
2939 5791 91 27 infant
3051 5789 61 27 belli-

3159 236 96 28 gerent
3280 234 69 24 state
3367 229 93 35 might
3484 231 120 35 possibly
3628 237 120 27 commit.
3798 240 66 26 How
3887 244 54 30 ofte
3941 244 14 30 n
3971 252 7 26 I
4031 229 4 48 •

3159 269 67 27 been
3242 266 87 35 urged
3348 265 60 27 that
3428 266 47 25 the
3500 270 157 26 mercantile
3678 272 126 30 interests
3823 278 32 26 of
3880 281 44 27 the
3946 281 11 44 e
3957 281 67 44 ,,„,,,
4024 281 12 44 r
4036 281 12 44 ;

3159 304 98 28 should
3281 304 33 26 be
3331 304 139 32 protected
3494 304 30 26 in
3544 304 46 28 the
3612 306 89 30 South
3724 309 145 32 American
3892 326 27 19 se
3919 326 14 19 a
3933 326 14 19 ,

3161 343 59 25 that
3233 346 118 30 purpose
3366 347 52 17 one
3430 347 31 17 or
3471 344 54 21 two
3546 341 76 33 ships
3633 343 53 27 had
3713 345 66 27 been
3801 356 60 20 sent
3883 359 54 24 out,
3956 363 46 25 an•l

4024 367 22 27 in

3159 377 60 26 that
3244 374 97 34 nearly
3376 374 48 26 the
3465 374 87 27 whole
3593 377 138 30 increased
3759 381 128 32 Etationve
3908 392 83 30 might
4020 402 26 28 !,

3159 410 150 30 accounted
3324 409 52 28 for.
3412 409 61 27 The
3493 410 72 28 Hon.
3579 412 123 28 Member
3719 416 51 27 had
3785 418 118 35 thought
3917 433 60 32 prop
3981 443 8 11 e
3994 443 9 15 r
4023 443 15 21 t.
4038 443 8 21 t

3159 448 81 34 speak
3256 446 31 27 of
3306 446 46 26 the
3371 444 141 30 character
3535 448 32 26 of
3585 450 47 26 the
3646 450 79 37 Navy
3744 454 84 32 being
3843 458 110 32 reduced

3158 485 67 26 than
3243 483 21 26 it
3287 490 54 19 was
3360 481 28 28 in
3415 483 48 26 the
3489 484 52 27 last
3560 493 64 26 war,
3644 487 53 26 and
3717 489 32 25 of
3771 490 46 28 the
3836 493 126 41 difficulty
3984 506 63 33 :here

3159 519 105 26 existed
3280 523 28 21 at
3322 524 105 28 present
3439 519 32 26 of
3480 522 149 34 procuring
3640 534 12 18 3
3657 531 90 18 -amen
3770 529 41 22 for
3824 536 47 19 our
3883 531 80 37 ships.
4002 544 17 22 It
4028 554 17 18 at

3159 556 46 25 the
3219 553 74 27 Hon.
3304 553 161 27 Gentleman
3480 555 90 41 might
3588 556 32 27 be
3638 560 110 25 assured
3770 560 73 30 there
3866 574 51 18 was
3933 578 32 19 no
3987 582 53 26 such

3159 588 137 34 difficulty
3313 596 33 18 or
3356 596 56 28 any
3424 591 81 35 delay
3526 599 28 19 in
3568 594 151 32 procuring.
3733 595 61 27 able
3816 600 52 26 and
3899 607 26 37 sa
3925 607 26 37 ev
3951 607 13 37 i
3964 607 79 37 eeatae

3162 633 71 18 men.
3272 624 33 27 In
3325 624 64 32 fact,
3403 626 76 27 there
3493 635 53 18 was
3565 635 35 19 no
3617 628 138 37 objection
3771 633 33 33 by
3820 635 119 34 qualified
3948 652 61 28 seam
4010 652 31 28 eo

3162 667 28 21 to
3203 666 77 21 enter
3293 660 48 27 the
3356 660 100 28 British
3474 663 79 37 Navy
3566 669 28 22 at
3605 671 119 28 present.
3757 667 138 32 Whatever
3913 684 33 26 pr,
3967 683 73 33 udices

3164 696 91 31 might
3268 697 67 26 have
3345 705 69 19 once
3430 699 115 30 existed,
3565 700 65 37 they
3657 709 69 19 were
3755 703 152 38 altogether
3927 720 48 20 rem
3985 725 21 31 se
4006 725 11 31 e
4017 725 12 31 d
4029 725 12 31 ,

3161 732 51 27 and
3227 735 47 25 tile
3287 742 109 18 seamen
3410 744 70 18 were
3495 736 61 27 well
3575 745 89 19 aware
3676 739 31 25 of
3715 738 45 26 the
3772 741 133 35 improved
3919 752 120 34 condition

3163 768 30 26 of
3202 769 47 25 the
3262 770 109 30 service,
3384 770 52 26 and
3450 771 141 27 increased
3605 772 136 37 advantag
3741 784 14 15 e
3769 780 26 21 to
3809 778 73 27 them
3893 780 13 28 i
3906 780 13 28 n
3931 791 110 35 entering

3162 804 32 26 it.
3234 803 43 27 lie
3289 804 53 26 had
3358 804 93 27 talked
3462 813 48 20 nut
3520 806 66 35 only
3605 807 32 26 of
3648 808 31 27 th
3679 808 15 27 e
3715 819 14 17 o
3733 810 133 34 bjections
3879 820 26 21 to
3922 826 71 24 enter
4003 829 25 27 th
4028 829 13 27 e

3162 840 111 31 service,
3286 839 48 30 but
3347 840 46 27 the
3407 847 78 27 great
3501 842 130 35 hardship
3644 844 33 26 of
3690 844 148 34 detaining
3850 859 14 18 a
3883 860 59 21 man
3958 857 32 30 all
4003 863 34 28 his

3164 875 47 27 life
3230 876 27 26 in
3280 876 47 27 the
3340 876 91 38 Navy.
3472 878 54 28 But
3536 880 77 26 there
3622 881 84 35 again
3728 881 45 28 the
3788 883 169 34 inforsultion
3969 896 27 26 of
4004 900 37 30 the

3167 911 72 28 Hon.
3252 914 83 25 Gent.
3345 922 56 18 was
3411 913 135 33 deficient,
3555 924 38 22 as,
3607 917 28 26 in
3650 917 66 26 time
3728 919 32 25 of
3776 930 87 24 peace,
3875 932 96 24 seamen
3983 943 57 21 were

3163 948 126 30 enrtged
3304 948 48 27 but
3366 950 41 26 for
3418 951 76 26 three
3513 953 223 33 years.—(hear,
3749 956 86 34 hear.)
3844 960 47 25 —A
3899 963 31 26 rid
3943 964 26 32 if,
3989 971 43 26 ,lur-

3163 985 47 30 ing
3224 993 17 17 a
3263 985 66 34 long
3352 986 54 26 and
3432 987 156 33 protracted
3615 997 64 22 war,
3702 990 48 25 the
3781 994 149 27 nrces,ities
3948 1002 27 25 of
4002 1007 24 26 th
4025 1007 13 26 e

3167 1024 115 30 country
3296 1020 126 35 required
3441 1030 15 17 a
3468 1030 93 18 severe
3575 1031 47 17 con
3630 1032 52 22 rse,
3693 1033 32 17 or
3737 1028 168 38 compulsory
3918 1042 123 31 measures,

3164 1059 28 20 to
3204 1064 61 15 man
3281 1055 34 26 its
3330 1055 143 37 shipping,
3487 1059 45 24 the
3542 1058 43 25 ex;
3592 1068 87 27 go•ncy
3692 1059 32 26 of
3732 1061 45 26 the
3794 1072 61 17 case
3875 1074 50 19 Was
3937 1071 41 25 the
3994 1075 48 31 bra

3162 1089 118 28 defence.
3321 1090 141 32 However,
3482 1101 30 18 as
3530 1094 47 26 the
3591 1093 72 28 Hun.
3689 1096 159 30 Gentleman
3860 1098 131 35 intimated
4009 1111 33 28 hi;

3167 1126 137 27 intention
3317 1126 32 27 of
3365 1128 165 38 submitting
3544 1139 13 18 a
3576 1130 102 33 special
3700 1131 102 28 motion
3815 1144 33 17 on
3862 1139 44 26 the

3162 1162 59 27 oft!
3233 1170 17 19 •
3263 1162 89 37 Navy,
3366 1163 33 27 he
3411 1165 61 34 (Sir
3481 1166 33 27 6.
3527 1167 113 34 Clerk..)
3656 1168 86 26 would
3758 1175 46 20 not
3817 1170 86 30 allude
3917 1178 65 30 furth
3981 1178 26 30 er
4020 1193 20 18 io

3164 1199 61 27 that
3239 1196 73 38 topic
3325 1205 28 20 at
3366 1205 119 31 present.
3509 1201 60 28 The
3583 1204 72 26 Hon.
3669 1204 159 30 Gentleman
3842 1208 48 27 had
3905 1211 35 28 r.ls
3969 1222 20 26 st
3989 1222 31 26 ate
4019 1222 21 26 ,i

3163 1235 71 32 that,
3243 1235 34 35 by
3296 1244 33 18 an
3343 1235 90 27 Order
3446 1238 27 26 in
3503 1239 126 33 Council,
3661 1248 109 19 seamen
3784 1244 77 27 could
3886 1256 44 20 not
3943 1252 52 30 rise,
4018 1269 22 17 as

3164 1272 139 34 formerly,
3317 1277 28 22 to
3367 1273 46 27 the
3425 1273 112 34 highest
3561 1276 120 28 honours
3702 1278 30 26 of
3759 1279 45 27 the
3822 1283 103 30 service.
3961 1290 24 26 if
4005 1293 37 26 the

3165 1307 71 28 Hon.
3248 1307 162 28 Gentleman
3426 1310 61 28 read
3500 1320 17 18 a
3530 1311 71 28 little
3611 1313 109 27 further
3733 1315 33 26 he
3784 1318 86 27 would
3883 1320 59 33 find,
3954 1325 24 27 in
3993 1330 48 28 that

3164 1354 72 19 same
3248 1345 89 27 Order
3348 1345 28 27 in
3389 1345 126 33 Comma,
3527 1357 15 17 a
3563 1349 100 35 special
3683 1352 143 33 exception
3850 1355 38 26 for
3900 1361 59 25 such
3981 1364 22 25 31
4015 1377 19 14 es-

3167 1385 54 21 ters
3247 1390 30 17 as
3300 1390 61 27 may
3387 1382 170 35 distinguish
3595 1385 295 37 themselves.—(Loud
3909 1395 81 28 cheers

3164 1417 89 26 There
3268 1426 52 18 was
3344 1426 35 19 no
3389 1419 71 26 class
3472 1419 32 27 of
3515 1428 63 18 men
3601 1429 74 19 more
3696 1421 91 27 useful
3811 1426 60 26 than
3896 1428 103 32 Masters
4019 1437 21 26 in

3165 1453 46 25 the
3231 1452 89 35 Navy,
3332 1455 53 25 and
3402 1455 20 25 it
3433 1463 53 17 was
3501 1463 144 28 accessary
3664 1457 61 27 that
3736 1459 46 26 the
3795 1461 96 28 service
3908 1468 87 27 should
4015 1472 27 26 be

3164 1488 103 34 always
3282 1489 132 34 provided
3431 1491 67 26 with
3522 1500 17 18 a
3557 1493 136 28 sufficient
3717 1494 117 28 number
3862 1498 27 26 of
3907 1500 136 35 intellio‘et

3165 1522 53 28 and
3230 1525 177 34 experienced
3420 1535 61 17 men
3494 1527 27 26 in
3537 1528 59 27 that
3618 1531 78 26 rank.
3735 1530 54 27 For
3804 1534 57 26 that
3875 1543 94 27 reason,
3991 1552 38 24 per-

3165 1560 78 34 haps,
3254 1569 76 18 s•.me
3350 1561 170 27 restrictions
3535 1572 69 18 were
3631 1565 78 27 made
3733 1572 27 21 to
3775 1567 66 38 keep
3862 1570 67 30 them
3948 1577 26 25 in
3991 1579 50 28 that

3168 1596 132 27 situation
3313 1606 8 21 ;
3345 1594 48 28 but
3406 1605 30 18 as
3464 1598 47 26 the
3533 1598 90 28 Order
3647 1602 27 26 in
3687 1602 111 30 Council
3814 1607 132 33 provided,
3963 1622 28 18 an
4007 1625 24 17 es
4031 1625 12 17 .

3164 1632 110 35 eeption
3289 1641 53 19 was
3356 1632 103 34 always
3468 1633 77 26 made
3559 1633 40 28 fur
3612 1638 67 25 such
3692 1638 113 28 Masters
3819 1652 27 15 as
3859 1644 156 35 distinguisli
4015 1644 13 35 r
4028 1644 13 35 d

3164 1667 174 28 themselves.
3376 1668 65 34 Any
3461 1678 64 17 man
3535 1671 61 26 who
3614 1674 107 27 entered
3737 1676 44 27 the
3806 1677 78 38 Navy
3901 1690 28 18 as
3951 1693 14 17 a
3986 1685 56 30 fury..

3165 1709 71 21 mast
3250 1711 71 21 man,
3337 1703 54 27 had
3406 1713 28 19 as
3448 1706 73 37 good
3536 1715 15 18 a
3562 1707 100 30 chance
3676 1719 60 20 now
3751 1722 28 17 as
3791 1713 33 28 he
3839 1724 58 19 ever
3909 1717 50 27 had
3973 1721 26 26 of
4007 1726 24 25 ad-

3164 1740 120 35 vancing
3304 1739 120 30 himself.
3462 1741 27 27 If
3498 1742 34 27 he
3547 1743 48 27 has
3614 1746 97 27 chosen
3733 1754 26 21 to
3783 1752 87 33 prefer
3883 1753 45 27 the
3951 1759 60 25 rank
4020 1762 22 24 of

3168 1778 113 30 Master,
3311 1775 35 27 be
3360 1781 72 22 must
3444 1786 43 18 see
3500 1778 58 28 that
3576 1783 150 32 promotion
3743 1787 69 26 from
3831 1791 56 25 that
3911 1791 67 26 class
4002 1804 9 19 ,
4011 1804 32 19 vas

3163 1811 118 28 limited.
3334 1809 73 28 With
3424 1815 96 28 regard
3531 1820 27 22 to
3573 1818 46 26 tile
3632 1827 63 19 next
3707 1821 132 35 objection
3855 1825 78 27 taken
3964 1828 31 28 bv
4007 1832 35 26 the

3167 1848 71 27 Hon.
3257 1847 132 33 Member,
3418 1850 60 27 that
3493 1851 41 27 Isis
3544 1852 142 40 Majesty's
3705 1858 74 35 ships
3800 1869 69 20 were
3885 1863 129 30 Intrusted
4025 1874 21 20 to

3164 1884 148 35 unfledged
3324 1885 77 35 boys,
3415 1889 45 24 the
3472 1887 77 27 value
3560 1891 31 25 of
3601 1896 21 21 at
3648 1893 87 34 might
3750 1896 31 26 be
3803 1900 158 27 ascertained
3987 1902 44 30 fro
4031 1902 15 30 m

3165 1923 47 26 the
3226 1922 57 26 fact
3293 1922 69 31 that,
3378 1922 34 35 by
3425 1925 45 24 the
3482 1923 52 27 late
3548 1926 175 34 regulations,
3738 1939 33 18 no
3791 1941 146 27 premature
3952 1946 94 26 prom.

3167 1959 59 26 Lion
3240 1957 80 28 could
3330 1958 65 27 take
3405 1959 86 34 place,
3504 1969 30 18 as
3548 1969 35 18 no
3604 1963 182 37 Midshipman
3806 1970 84 27 could
3912 1972 32 26 be
3965 1980 81 30 passel

3164 2006 31 17 as
3211 1994 164 28 Lieutenant
3400 1996 87 28 under
3503 1997 33 28 19
3547 2007 78 28 years
3635 2000 32 26 of
3689 2011 60 26 age,
3781 2006 51 26 and
3856 2007 60 26 who
3935 2008 53 28 had
4011 2020 37 21 not

3165 2031 93 28 served
3273 2033 43 27 six
3330 2041 79 28 years
3428 2043 30 18 as
3470 2043 17 18 a
3507 2035 196 35 Midshipman.
3754 2039 141 32 Whatever
3914 2044 135 37 objections

3167 2069 89 35 might
3269 2070 70 27 have
3354 2070 66 28 been
3443 2073 89 35 urged
3553 2072 118 46 formerly
3671 2072 15 46 .
3698 2083 35 19 on
3754 2076 58 28 that
3833 2078 77 35 head,
3934 2083 60 26 with
4012 2095 24 27 ap-

3165 2113 96 32 parent
3266 2107 113 38 justice,
3392 2109 66 35 they
3470 2118 72 18 were
3552 2109 100 39 totally
3676 2113 183 35 inapplicable
3886 2122 26 21 to
3943 2121 43 25 the
4002 2131 47 25 pr,.

3167 2150 63 21 sent
3252 2144 144 28 condition
3422 2146 32 26 of
3475 2146 47 27 the
3544 2146 91 38 Navy.
3674 2148 72 27 With
3772 2152 98 34 regard
3891 2159 27 21 to
3937 2156 44 26 the
3991 2166 44 19 com-

3164 2181 103 33 plaints
3280 2181 31 26 of
3319 2181 47 26 the
3381 2181 74 27 Hon.
3471 2181 132 34 Member,
3617 2183 32 28 of
3654 2184 47 27 old
3716 2184 116 30 Officers
3841 2187 81 38 being
3934 2197 47 30 pat
3989 2194 59 27 aside

3167 2222 27 22 to
3216 2217 79 27 make
3309 2225 60 28 way
3389 2217 43 27 for
3444 2226 96 27 young
3554 2228 61 19 men
3625 2219 33 27 of
3663 2220 69 26 rank
3743 2220 53 28 and
3815 2224 102 35 family,
3935 2228 31 26 he
3976 2230 73 28 would

3165 2254 71 27 refer
3247 2258 28 21 to
3289 2254 46 27 the
3356 2254 174 35 triumphant
3541 2264 105 19 answer
3666 2257 83 35 given
3764 2254 12 45 t
3788 2254 11 45 3
3810 2254 11 45 a
3844 2261 100 28 similar
3965 2265 85 33 charge

3167 2291 52 27 last
3235 2298 76 30 year,
3343 2290 34 38 by
3392 2300 15 19 a
3429 2291 112 28 Gallant
3563 2293 126 28 Admiral
3710 2304 65 19 near
3803 2295 56 30 him
3879 2298 60 35 (Sir
3960 2301 90 38 George

3163 2328 174 37 Cockburn,)
3376 2328 131 38 Nothing
3521 2339 74 19 inure
3606 2331 67 26 need
3689 2331 32 27 be
3733 2331 59 27 said
3802 2342 37 19 on
3852 2334 57 30 that
3919 2336 131 38 subject.--

3167 2365 98 34 (Hear,
3278 2365 91 34 hear.)

3198 2414 56 28 Mr.
3272 2414 158 28 BEItNAL
3457 2415 71 33 said,
3548 2417 60 28 that
3630 2417 33 28 he
3683 2417 109 38 begged
3809 2419 74 30 leave
3904 2426 26 22 to
3948 2422 105 39 disagree

3171 2452 65 27 with
3252 2452 47 27 the
3315 2452 87 32 Right
3419 2452 72 30 lion.
3498 2453 144 38 Secretary
3653 2456 28 26 in
3698 2456 41 27 his
3752 2457 113 34 opinion
3880 2459 31 27 of
3921 2460 43 27 the
3973 2465 80 33 speech

3167 2489 32 27 of
3214 2489 47 26 the
3274 2489 113 27 Gallant
3402 2489 128 28 Admiral
3544 2490 52 28 last
3609 2500 73 26 year,
3702 2497 31 22 to
3752 2494 91 26 which
3860 2494 33 26 he
3908 2496 47 27 hail
3978 2507 26 17 so
4017 2502 26 24 hi-

3164 2524 165 35 umphantly
3343 2525 122 27 alluded.
3502 2526 65 27 And
3580 2535 30 19 so
3622 2528 44 26 far
3678 2528 69 26 from
3762 2529 20 26 it
3797 2529 84 37 being
3894 2535 124 33 approved
4031 2536 26 26 of

3167 2559 37 37 by
3222 2561 47 26 the
3293 2570 111 22 service,
3428 2562 77 26 there
3522 2571 56 18 was
3601 2563 47 27 the
3661 2569 124 30 greatest
3797 2565 208 31 dissatisfaction
4017 2580 25 18 ex-

3167 2596 110 37 pressed
3291 2597 37 35 by
3338 2597 38 27 all
3390 2598 78 26 naval
3482 2597 104 28 officers
3608 2598 93 28 whose
3723 2602 163 28 sentiments
3906 2606 32 25 he
3952 2604 48 27 bad
4017 2608 38 24 the

3167 2635 184 35 opportunity
3370 2633 32 28 of
3420 2634 128 37 hearing.
3605 2634 76 30 With
3700 2639 98 34 regard
3826 2643 27 22 to
3872 2640 45 27 the
3937 2643 117 34 proposed

3167 2670 184 33 amendment,
3370 2670 125 28 however
3509 2670 81 30 much
3611 2672 34 28 he
3658 2673 91 37 might
3762 2683 118 27 approve
3893 2678 30 26 of
3933 2678 43 28 the
3989 2689 54 24 gene-

3167 2707 39 28 ral
3226 2708 119 27 conduct
3361 2708 33 27 of
3411 2709 45 26 the
3471 2708 72 28 Hon.
3555 2709 126 27 Member
3700 2709 45 30 for
3758 2711 154 35 Aberdeen,
3924 2717 48 26 and
3985 2717 27 26 of
4022 2717 35 26 his

3165 2745 119 26 conduct
3306 2754 27 18 in
3358 2747 60 25 that
3439 2745 99 32 House,
3557 2756 31 18 as
3607 2747 112 35 equally
3741 2748 150 27 creditable
3913 2756 28 21 to
3965 2752 94 27 himself

3165 2781 53 26 anti
3241 2781 89 26 useful
3356 2785 31 22 to
3406 2781 46 26 the
3477 2789 119 30 country
3613 2784 107 35 (hear),
3738 2785 54 26 and
3814 2786 109 35 though
3943 2787 33 26 he
3992 2797 54 25 gene-

3167 2817 70 37 rally
3248 2815 102 37 agreed
3381 2817 66 27 with
3474 2817 67 31 him,
3561 2823 58 32 yet,
3643 2828 35 19 on
3700 2820 59 26 that
3771 2822 137 32 occas'on,
3928 2820 32 30 he
3979 2823 80 28 would

3167 2854 65 27 take
3252 2859 45 20 the
3322 2852 100 38 liberty
3446 2854 33 27 of
3498 2854 133 39 differing
3656 2856 65 28 with
3746 2856 57 28 him
3830 2858 162 37 altogether.
4026 2859 33 27 He

3167 2890 120 35 thought
3301 2890 56 27 him
3372 2890 27 27 in
3419 2900 84 22 error,
3516 2893 54 26 and
3587 2893 34 26 he
3633 2893 80 27 could
3733 2898 48 21 not
3802 2894 63 38 help
3879 2895 97 37 seeing
3992 2896 66 35 signs

3165 2927 92 27 which
3286 2927 34 27 he
3344 2927 162 27 considered
3530 2937 27 18 as
3582 2928 47 28 the
3648 2929 163 28 forerunner
3828 2931 33 26 of
3876 2931 122 43 political
4013 2934 34 27 dis-

3164 2968 165 31 agreement,
3352 2963 182 37 particularly
3556 2965 28 26 in
3608 2965 50 27 the
3680 2970 113 22 western
3814 2967 182 37 hemisphere,
4013 2970 44 26 and

3164 3002 60 24 that
3236 3009 50 17 our
3299 3008 151 18 commerce
3464 3000 53 26 and
3531 3000 137 35 shipping
3681 3009 69 20 were
3765 3002 86 37 likely
3865 3008 27 21 to
3905 3004 33 30 be
3948 3007 106 31 exposed

3163 3040 27 21 to
3206 3035 104 27 sudden
3322 3035 188 33 convulsions,
3523 3046 31 18 or
3573 3037 31 27 be
3617 3035 93 39 placed
3724 3038 30 27 in
3763 3047 17 18 a
3791 3048 66 27 very
3873 3038 122 28 doubtful
4006 3041 47 27 and

3162 3072 168 33 distressing
3348 3071 144 28 situation.
3529 3072 41 27 lie
3586 3081 53 19 was
3652 3074 150 27 convinced
3817 3076 63 26 that
3904 3076 47 26 the
3963 3081 59 21 state
4032 3077 27 27 of

3167 3109 45 25 the
3228 3107 72 27 West
3314 3107 80 27 India
3409 3107 118 32 Islands,
3547 3109 53 26 and
3624 3109 61 27 that
3707 3110 32 26 of
3758 3112 47 25 the
3820 3109 90 28 South
3925 3111 132 28 American

3164 3144 139 31 Colonies,
3319 3152 54 18 was
3386 3145 77 30 such,
3476 3146 61 25 that
3556 3144 151 37 squadrons
3726 3145 32 27 of
3775 3146 172 26 observation
3969 3149 89 26 should

3165 3180 33 25 be
3217 3178 168 27 maintained
3398 3180 30 26 in
3441 3181 45 25 the
3507 3180 125 26 different
3647 3189 70 17 seas.
3758 3180 41 27 He
3815 3190 53 18 was
3883 3182 119 37 disposed
4023 3185 34 26 for

3167 3215 56 26 this
3236 3215 64 26 time
3314 3220 27 21 to
3356 3219 72 22 trust
3451 3215 159 35 something
3631 3220 28 22 to
3673 3217 47 26 the
3732 3215 151 30 discretion
3902 3219 28 26 of
3950 3220 39 26 his
4007 3220 34 26 Ma-

3165 3250 100 35 jesty's
3280 3250 151 33 Ministers,
3442 3250 56 27 and
3513 3252 32 26 he
3567 3252 90 35 hoped
3680 3252 60 28 that
3754 3253 64 38 they
3830 3255 86 27 would
3934 3265 44 18 use
3994 3256 65 27 their

3167 3296 90 26 power
3273 3287 69 28 with
3357 3287 182 28 moderation.
3576 3288 64 27 The
3661 3288 80 37 Navy
3756 3289 97 28 should
3870 3292 30 27 he
3912 3292 94 37 always
4015 3304 28 26 ap-

3169 3322 136 37 proached
3320 3332 28 19 as
3361 3332 18 18 a
3399 3322 106 37 subject
3519 3324 105 37 worthy
3645 3325 32 26 of
3694 3327 44 25 the
3751 3332 119 30 greatest
3882 3330 116 28 caution,
4010 3330 46 26 and

3170 3360 32 25 he
3227 3360 99 26 treated
3356 3359 69 27 with
3444 3360 47 26 the
3506 3365 120 30 greatest
3650 3366 182 30 temperance.
3868 3363 66 27 This
3950 3373 50 17 was
4016 3370 41 21 not

3167 3397 47 25 the
3228 3400 125 21 moment
3374 3399 27 22 to
3420 3404 38 28 go
3472 3394 107 37 largely
3598 3396 60 27 into
3674 3398 46 25 the
3733 3398 111 34 general
3859 3400 139 34 question;
4015 3400 41 27 but

3167 3432 59 27 this
3253 3433 32 26 he
3309 3431 92 28 would
3423 3441 57 28 say,
3507 3432 60 27 that
3582 3432 46 27 the
3647 3441 106 20 seamen
3778 3433 32 27 of
3826 3435 46 27 the
3891 3442 103 30 present
4010 3438 46 26 dal

3170 3478 69 18 were
3257 3468 99 33 20,000
3380 3469 80 28 times
3482 3478 77 19 more
3579 3469 181 30 comfortable
3775 3471 66 27 than
3857 3472 63 37 they
3934 3482 63 18 were
4012 3467 25 33 for
4037 3467 9 33 .
4046 3488 9 5 -

3172 3506 97 35 nicely.

3201 3543 46 26 Sir
3260 3541 157 28 GEORGE
3436 3542 219 28 COCKBURN
3669 3544 89 26 would
3772 3549 47 22 not
3831 3546 93 35 appeal
3941 3552 25 20 to
3979 3544 77 27 either

3165 3579 30 27 of
3206 3580 46 25 the
3265 3578 72 28 Hon.
3348 3578 138 28 Members
3500 3583 30 21 to
3539 3579 81 27 know
3631 3580 125 27 whether
3769 3581 46 27 the
3826 3582 93 35 speech
3932 3583 80 25 which
4026 3582 28 26 be

3168 3617 52 26 had
3234 3615 45 27 the
3294 3615 107 27 honour
3420 3617 33 26 of
3472 3615 118 34 making
3604 3620 28 22 to
3646 3617 46 26 the
3707 3617 91 27 House
3811 3617 28 28 in
3859 3620 45 25 the
3922 3627 86 18 course
4032 3617 25 27 of

3168 3653 50 26 last
3229 3652 113 30 session,
3363 3660 53 17 was
3429 3651 174 38 satisfactory
3614 3660 33 18 or
3661 3658 48 21 not
3733 3658 28 21 to
3784 3654 45 26 the
3850 3654 98 26 officers
3969 3656 25 24 in
4016 3656 39 24 the

3167 3687 110 27 service.
3315 3687 89 27 There
3420 3696 67 18 were
3506 3689 106 26 several
3622 3687 64 27 able
3698 3689 53 26 and
3769 3689 174 37 experienced
3961 3690 92 26 officers

3167 3726 26 26 in
3208 3724 47 28 the
3273 3723 148 28 house—if
3431 3723 64 37 they
3509 3732 69 19 were
3592 3726 130 34 prepared
3744 3731 28 22 to
3793 3735 48 27 say
3854 3728 57 26 that
3924 3728 71 25 there
4007 3733 46 18 was

3167 3771 52 27 any
3234 3762 81 35 thing
3328 3761 28 27 in
3369 3761 46 26 the
3429 3759 122 28 remarks
3569 3763 91 26 which
3676 3762 35 27 he
3730 3763 64 25 then
3810 3765 84 28 made,
3917 3763 80 26 which
4009 3771 45 17 was

3168 3797 188 34 disagreeable
3376 3802 27 22 to
3425 3798 47 26 the
3485 3797 104 28 service
3602 3798 152 35 generally,
3776 3798 35 27 let
3823 3800 72 26 them
3909 3804 44 27 get
3966 3808 31 26 up
4009 3798 45 26 and

3167 3840 84 21 assert
3263 3836 21 24 it
3299 3833 143 35 manfully.
3481 3833 43 26 He
3537 3834 80 26 him,.
3628 3834 24 26 If
3664 3843 52 18 was
3728 3835 123 26 intimate
3863 3835 63 26 with
3940 3843 70 17 some
4020 3834 24 25 of-

3164 3870 76 26 ficers
3252 3870 32 26 of
3304 3870 46 26 the
3361 3870 111 30 service,
3493 3868 54 27 and
3562 3870 135 34 probably
3710 3869 51 27 had
3775 3878 30 19 as
3817 3870 76 26 much
3907 3870 144 34 experience

3164 3913 28 21 to
3206 3907 84 35 guide
3314 3906 67 30 him,
3402 3914 30 18 as
3457 3911 27 21 to
3504 3905 47 27 the
3574 3905 111 37 general
3699 3906 109 37 opinion
3822 3906 31 27 of
3870 3906 71 27 what
3957 3907 30 25 lie
3999 3906 54 26 then

3163 3944 70 32 said,
3252 3953 30 17 as
3304 3944 89 26 either
3412 3943 32 26 of
3469 3943 46 27 the
3539 3943 73 28 Hon.
3626 3943 146 27 Members.
3811 3943 78 27 What
3904 3943 32 26 he
3947 3944 57 25 then
4016 3941 26 27 ad-

3165 3980 111 31 vanced,
3296 3979 33 27 he
3346 3987 60 18 now
3420 3978 137 37 repeated,
3578 3979 60 28 that
3651 3979 80 27 while
3741 3981 45 25 the
3797 3980 63 26 road
3875 3980 30 26 of
3917 3979 138 35 promotion

3164 4025 54 18 was
3231 4017 66 33 kept
3312 4024 70 27 open
3407 4020 27 21 to
3449 4015 83 27 merit
3555 4016 54 26 and
3631 4015 163 43 enterprise,
3814 4016 119 26 however
3956 4015 100 26 obscure

3161 4054 48 26 tile
3226 4052 102 27 station
3341 4051 53 28 and
3410 4051 94 35 origin
3528 4051 32 27 of
3583 4052 46 26 the
3646 4057 109 31 parties,
3771 4052 46 26 the
3831 4059 66 26 navy
3912 4051 83 26 wouid
4007 4048 45 27 feel

3167 4098 33 18 no
3209 4089 128 37 jealousy
3348 4088 138 27 whatever
3500 4093 30 24 at
3543 4087 94 37 seeing
3653 4096 112 27 persons
3784 4087 30 27 of
3831 4088 66 26 rank
3915 4087 46 27 and
3976 4085 67 27 condi-

3163 4127 60 25 tion
3239 4126 141 35 promoted
3396 4131 131 30 amongst
3541 4126 83 26 them.
3661 4124 80 35 They
3752 4133 67 19 were
3833 4124 31 26 of
3874 4133 44 18 use
3933 4124 120 25 wherever

3162 4165 67 32 they
3241 4170 69 17 were
3326 4161 105 34 placed.
3469 4161 79 35 'they
3569 4169 66 18 were
3656 4160 34 27 of
3707 4169 48 18 use
3771 4165 27 22 to
3819 4160 46 27 the
3879 4167 73 27 navy.
3986 4157 70 33 They

3167 4206 70 17 were
3255 4196 28 26 of
3309 4202 78 27 great
3402 4205 46 18 use
3462 4196 28 26 in
3513 4196 61 26 that
3586 4195 224 34 house.—(Loud
3826 4195 90 26 cheers
3934 4194 63 26 from
4013 4193 43 24 the

3165 4232 164 38 Opposition
3357 4232 150 35 Benches.)
3541 4231 63 27 The
3625 4231 79 35 ships
3728 4239 69 18 were
3817 4239 28 18 as
3869 4228 116 34 capable,
4007 4226 47 27 and

3164 4272 47 24 the
3223 4269 117 32 officers,
3361 4269 33 27 he
3406 4269 86 26 would
3507 4267 131 33 contend,
3658 4277 70 18 were
3741 4276 73 19 more
3835 4265 107 37 capable
3958 4265 60 25 than
4032 4265 24 24 at

3158 4315 53 27 any
3226 4306 104 27 former
3346 4305 102 35 period.
3487 4305 91 27 There
3598 4313 57 19 was
3677 4315 18 17 a
3718 4303 178 28 mischievous
3909 4302 111 35 practice
4030 4297 28 27 of

3163 4344 79 26 those
3255 4342 73 37 good
3345 4342 45 28 old
3406 4343 78 26 times
3506 4346 28 21 to
3547 4341 91 27 which
3663 4341 47 27 the
3726 4341 72 26 Hon.
3813 4339 118 27 Member
3948 4333 109 31 alluded,

3163 4380 90 26 which
3269 4388 60 18 now
3343 4380 104 26 existed
3463 4387 34 18 no
3510 4377 181 35 longer,—of
3711 4377 69 34 boys
3800 4376 28 27 in
3850 4376 69 27 their
3939 4370 115 30 mother's

3159 4416 229 33 drawing-rooms
3409 4414 83 32 being
3519 4419 50 31 put
3580 4422 37 18 on
3633 4422 15 18 a
3661 4414 85 35 ship's
3775 4411 83 32 book,
3874 4411 50 27 and
3937 4411 58 26 thus
4006 4415 35 19 ser-

3163 4452 66 35 ving
3257 4452 71 26 their
3360 4452 63 26 time
3438 4450 117 27 without
3568 4457 64 20 ever
3653 4449 83 35 being
3754 4455 26 21 at
3790 4457 63 22 sea;
3872 4448 51 25 and
3937 4446 20 26 it
3969 4453 48 18 was
4028 4449 26 19 in

3161 4491 48 24 the
3222 4496 122 26 memory
3356 4487 32 27 of
3397 4495 80 25 many
3491 4494 120 28 persons,
3633 4487 60 26 that
3718 4487 28 25 in
3772 4485 47 26 the
3840 4482 136 27 American
3996 4486 58 22 war,

3161 4533 39 17 we
3213 4524 53 25 had
3280 4522 201 37 post-captains
3494 4522 32 26 of
3539 4521 32 31 17
3582 4530 79 27 years
3674 4521 33 27 of
3716 4530 63 26 age.
3816 4520 57 26 But
3886 4526 56 19 now
3953 4524 32 19 no
3998 4520 56 21 man

3161 4559 80 27 could
3256 4559 33 27 be
3308 4557 77 30 made
3399 4561 61 31 post
3483 4557 43 28 till
3553 4558 35 26 he
3613 4566 56 20 was
3687 4557 33 27 of
3738 4565 98 30 proper
3854 4563 58 27 age.
3946 4552 71 27 Then
4030 4548 20 27 it

3162 4605 53 17 was
3229 4596 28 26 in
3270 4594 47 27 the
3331 4603 91 28 power
3431 4594 32 26 of
3472 4603 34 18 an
3520 4593 116 27 admiral
3651 4599 28 21 to
3690 4594 77 26 make
3791 4593 41 26 his
3852 4599 47 19 son
3918 4598 31 18 or
3961 4589 39 26 his
4012 4593 27 18 ne-

3161 4633 78 34 phew
3252 4641 15 18 a
3282 4631 152 27 lieutenant
3449 4636 27 21 at
3490 4630 31 27 16
3533 4639 32 18 or
3581 4630 32 32 17
3625 4639 79 27 years
3725 4629 31 27 of
3765 4638 51 27 age
3829 4638 8 21 ;
3856 4626 46 27 but
3917 4633 54 19 now
3984 4624 69 25 there

3161 4677 53 18 was
3229 4677 14 17 a
3253 4667 116 38 pointed
3381 4667 52 26 and
3449 4667 117 28 difficult
3583 4665 185 28 examination
3784 4671 27 21 to
3821 4672 35 26 go
3870 4659 119 33 through,
4002 4655 48 28 and

3159 4704 24 27 if
3195 4706 45 26 the
3250 4703 145 28 candidate
3406 4711 53 18 was
3476 4709 47 20 not
3537 4702 165 37 sufficiently
3713 4702 97 27 skilled
3826 4700 27 27 in
3866 4700 144 31 navigation
4020 4694 26 21 to

3159 4749 63 19 save
3236 4740 46 28 the
3295 4739 63 38 ship
3371 4739 115 27 without
3500 4740 48 27 the
3561 4739 149 27 assistance
3720 4739 31 26 of
3763 4737 44 27 the
3819 4740 99 24 master,
3931 4731 27 25 he
3970 4724 77 30 could

3161 4782 48 21 not
3228 4776 34 27 be
3276 4776 77 27 made
3364 4786 15 18 a
3394 4776 161 27 lieutenant.
3595 4776 73 26 With
3684 4774 97 35 regard
3801 4779 26 21 to
3842 4772 41 26 the
3892 4772 109 24 masters,
4017 4760 31 27 of

3159 4814 47 25 the
3231 4812 194 35 impediments
3450 4817 30 20 to
3493 4812 93 26 whose
3599 4811 155 37 promotion
3780 4809 46 26 the
3844 4807 63 25 Hon.
3930 4798 117 28 Member

3159 4846 183 35 complained,
3361 4847 22 27 it
3399 4856 53 18 was
3464 4852 27 22 to
3504 4847 33 27 be
3544 4847 143 31 observed,
3706 4847 59 27 that
3776 4852 32 19 no
3819 4841 84 27 officer
3912 4835 76 27 could
4003 4834 28 25 be-

3159 4892 74 18 come
3253 4892 31 18 so
3296 4889 27 21 at
3337 4892 86 22 once;
3441 4891 18 18 a
3471 4883 152 27 lieutenant
3635 4881 84 28 could
3735 4886 45 21 not
3787 4879 31 27 be
3829 4874 80 31 made,
3927 4880 46 33 nor
3985 4877 41 28 pu-

3159 4928 56 19 llers
3239 4928 32 19 or
3295 4928 133 26 surgeons
3446 4918 86 28 attain
3560 4918 74 28 their
3656 4917 143 37 respective
3823 4911 87 31 ranks,
3939 4907 109 26 without

3159 4956 89 37 going
3261 4955 122 34 through
3400 4955 45 27 the
3459 4955 128 35 previous
3601 4959 74 31 steps
3694 4955 27 27 in
3737 4956 45 25 the
3793 4948 71 38 royal
3878 4954 65 27 navy
3979 4943 44 26 bat
4033 4948 14 19 a

3159 4998 109 26 master,
3286 4991 63 27 Ulm
3357 4991 53 27 had
3425 4991 85 27 sailed
3521 4993 31 26 in
3563 5000 17 19 a
3599 4990 141 27 merchant
3750 4988 61 35 ship
3824 4985 51 27 and
3889 4991 47 17 was
3950 4985 83 26 compe-

3159 5031 69 26 tent,
3247 5027 92 35 might
3350 5027 33 27 be
3394 5028 79 26 made
3481 5036 15 17 a
3510 5031 98 22 master
3619 5031 28 21 at
3658 5035 83 22 once;
3759 5023 53 28 aid
3828 5029 34 20 on
3875 5020 54 26 that
3940 5015 103 26 account

3158 5063 22 26 it
3193 5072 56 19 was
3261 5065 123 32 thought
3397 5062 50 27 but
3463 5062 63 35 just
3539 5062 58 27 that
3607 5069 28 20 to
3645 5063 61 25 that
3725 5060 67 28 rank
3811 5059 33 26 he
3866 5050 92 33 should
3971 5050 28 26 be
4010 5055 25 19 re-

3156 5099 122 31 stricted,
3298 5099 92 26 unless
3402 5099 34 26 lie
3449 5098 201 34 distingu:shed
3661 5096 117 26 himself.
3819 5093 70 26 With
3914 5089 93 33 respect
4020 5088 30 20 to

3156 5134 157 37 discipline,
3331 5135 46 26 the
3387 5134 72 27 Hon.
3475 5134 123 27 Member
3619 5132 99 28 should
3733 5137 46 22 not
3790 5126 107 32 mislead
3918 5127 43 24 the
3972 5122 74 26 house

3157 5170 35 38 by
3206 5171 138 35 asserting
3370 5172 60 26 that
3450 5170 69 37 boys
3539 5170 91 35 might
3653 5169 57 37 flog
3728 5169 48 26 the
3798 5173 59 21 men
3872 5176 7 20 ;

3161 5215 51 17 was
3222 5207 28 25 in
3265 5207 45 26 the
3325 5206 85 27 hands
3420 5207 32 25 of
3458 5207 45 26 the
3515 5206 110 33 captain
3635 5206 84 34 only;
3733 5204 52 26 and
3797 5211 31 18 as
3842 5202 21 26 it
3875 5206 51 18 was
3938 5205 13 15 a
3963 5198 33 32 po
3996 5198 52 32 wer

3158 5250 155 27 necessary,
3333 5245 47 24 the
3393 5242 84 26 house
3491 5241 90 28 would
3591 5251 45 17 see
3648 5242 61 26 that
3720 5241 22 26 it
3759 5237 81 30 could
3854 5241 46 21 not
3914 5233 30 26 be
3958 5225 59 38 lodg
4017 5225 15 38 e
4032 5225 15 38 d

3159 5278 27 26 in
3201 5285 76 19 more
3289 5287 99 26 proper
3407 5277 98 28 hands.

3191 5314 19 26 S

3214 5314 24 25 ir
3248 5313 30 27 F.
3292 5313 201 27 OMANEY
3502 5313 133 28 defended
3648 5313 46 27 the
3712 5315 61 24 vote
3785 5304 143 41 proposed,
3943 5300 51 31 and
4009 5306 28 20 ex-

3156 5350 110 33 pressed
3283 5349 41 26 his
3338 5349 142 26 intention
3494 5349 32 26 of
3535 5350 99 33 voting
3643 5348 41 27 for
3694 5348 33 26 it.
3896 5161 56 27 that
3964 5161 83 33 power

3189 5396 119 35 Captain
3322 5396 54 27 MA
3385 5396 126 27 BERLY
3531 5396 69 32 said,
3627 5396 61 27 that
3702 5394 78 28 when
3804 5400 38 19 we
3861 5396 69 20 were
3943 5379 104 34 assured

3157 5432 34 33 by
3208 5433 43 26 his
3265 5433 142 38 Majesty's
3419 5434 111 34 speech,
3552 5435 58 26 that
3635 5441 50 19 our
3709 5430 107 34 foreign
3843 5425 126 28 relations
3989 5424 61 20 acre

3157 5478 80 17 never
3252 5469 27 26 in
3301 5478 15 18 a
3331 5479 76 18 more
3420 5470 97 35 pacific
3531 5476 77 26 state,
3630 5469 52 27 and
3707 5467 77 26 when
3809 5464 21 27 it

3156 5505 60 27 that
3231 5504 46 27 the
3292 5506 54 27 late
3356 5506 119 35 Span'sh
3496 5507 128 26 Colonies
3637 5506 32 26 of
3677 5502 90 31 South
3778 5502 123 26 America
3917 5493 78 28 could
4012 5492 45 24 not

3158 5542 30 26 be
3198 5544 178 33 reconquered
3394 5543 33 30 by
3442 5544 45 27 the
3502 5544 106 28 mother
3620 5546 117 31 country
3763 5536 113 30 without
3894 5533 102 33 foreign
4017 5533 25 19 as-

3156 5578 125 28 sistance,
3304 5578 33 27 he
3359 5572 81 33 could
3457 5585 48 20 not
3519 5590 14 15 s
3533 5590 14 15 e
3547 5590 14 15 e
3578 5580 61 26 with
3654 5580 73 26 what
3738 5575 57 27 face
3819 5580 53 27 any
3894 5561 96 35 honour
3990 5561 64 35 able

3157 5613 159 35 gentleman
3331 5614 83 26 could
3422 5615 104 35 justify
3539 5617 46 25 the
3596 5611 203 39 augmentation
3814 5603 129 40 proposed
3956 5609 34 19 on
3998 5598 57 27 that

3157 5647 118 37 grourd.

3193 5683 45 25 An
3249 5683 72 25 Hon.
3333 5682 94 27 Mesin
3433 5692 39 18 ER
3485 5685 51 28 und
3536 5685 35 28 er
3586 5685 45 28 the
3643 5682 106 39 gallery
3761 5680 25 25 di
3794 5676 98 30 (glared,
3904 5674 56 27 that
3965 5667 89 30 South

3159 5720 26 26 A
3185 5718 99 26 merica
3300 5727 54 18 was
3371 5721 47 25 the
3432 5721 78 34 place
3527 5722 18 27 w
3544 5722 35 27 hi
3580 5722 18 27 c
3598 5722 19 27 h
3631 5717 150 41 peculiarly
3795 5711 125 40 r.quired
3950 5715 34 20 an
4004 5704 30 27 ad-

3159 5753 115 28 ditional
3289 5753 79 28 force.
3855 5470 35 19 wa
3891 5470 18 19 s
3930 5456 124 38 apparent

3193 5789 178 28 Mr.HCME
3384 5790 60 27 still
3457 5792 171 28 maintained
3651 5793 61 27 that
3728 5789 45 27 the
3785 5786 120 28 increase
3922 5774 129 44 proposed

3726 4387 52 26 rot's
3800 4387 28 17 in
3849 4387 70 17 their
3939 4387 94 13 mother
4044 4387 9 9 I

3775 4411 81 32 book,
3874 4411 50 27 and
3937 4411 57 25 thus
4006 4415 46 19 ser-

3726 4459 9 26 g
3752 4455 27 21 at
3790 4459 63 21 sea;
3872 4448 50 25 and
3937 4446 20 26 it
3969 4453 48 19 was
4028 4442 25 26 in

3726 4487 20 25 in
3772 4485 47 26 the
3840 4482 136 28 American
3996 4486 58 22 war,

3726 4530 51 26 age.
3816 4520 57 26 But
3886 4526 54 19 now
3953 4524 32 19 no
3998 4520 56 21 man

3738 4565 98 30 proper
3854 4563 58 27 age.
3946 4552 71 26 Then
4030 4550 20 26 it

3726 4594 40 26 ake
3790 4593 43 26 his
3850 4600 48 18 son
3918 4598 30 18 or
3960 4587 39 27 his
4012 4594 39 17 ne-

3726 4629 30 27 of
3764 4637 52 28 age
3829 4638 7 22 ;
3856 4626 45 27 but
3915 4633 56 19 now
3984 4624 67 25 there

3726 4665 43 27 ion
3784 4671 26 21 to
3821 4674 35 25 go
3869 4661 120 32 through,
4002 4655 48 28 and

3726 4702 84 27 drilled
3824 4700 28 27 in
3866 4694 144 37 navigation
4019 4694 26 21 to

4002 4724 8 63 u
4010 4724 9 63 o
4019 4724 19 63 ld
4038 4724 9 63 f

3726 4739 6 72 r
3732 4739 6 72 o
3738 4739 6 72 a
3744 4739 7 72 f
3751 4739 7 72 i
3763 4737 8 64 t
3771 4737 9 64 d
3781 4737 9 64 h
3793 4747 8 53 e
3801 4747 8 53 t

3811 4740 8 59 o
3820 4740 8 59 m
3828 4740 8 59 t
3836 4740 8 59 a
3844 4740 9 59 h
3854 4740 9 59 s
3863 4740 9 59 e
3873 4740 9 59 t
3883 4742 9 53 e
3893 4742 9 53 m
3902 4742 11 53 r
3914 4752 6 41 ,
3920 4752 7 41 a

3930 4733 7 59 s
3937 4733 7 59 h
3944 4733 7 59 t
3951 4733 7 59 e
3958 4733 7 59 e

3969 4735 12 58 ri
3980 4735 12 58 co
3992 4735 7 58 ,

3726 4820 27 17 on
3780 4811 45 26 the
3844 4807 63 25 Hon.
3930 4798 117 28 Member

3726 4847 38 26 hat
3776 4853 32 18 no
3817 4841 84 28 officer
3912 4835 74 27 could
4003 4834 43 25 be-

3735 4886 44 22 not
3787 4879 30 27 be
3829 4874 80 31 made,
3927 4880 46 18 nor
3985 4877 61 28 par-

3726 4917 72 30 ective
3823 4911 87 31 rank',
3939 4907 109 27 without

3737 4956 45 25 the
3791 4948 71 39 royal
3878 4954 65 27 navy
3953 4954 7 19 ;
3979 4943 44 26 but
4032 4948 15 19 a

3726 4995 12 21 it
3750 4989 61 34 ship
3823 4985 52 27 and
3888 4991 48 17 was
3950 4985 99 26 compe-

3726 5035 14 22 u;
3759 5023 53 28 and
3828 5029 34 20 on
3875 5020 54 26 that
3940 5015 103 25 account

3726 5060 66 28 rank
3811 5059 32 26 he
3866 5050 92 33 should
3971 5050 28 26 be
4010 5055 37 19 re-

3726 5098 51 26 sell.
3817 5093 71 26 Witb
3914 5089 92 33 respect
4020 5088 30 20 to

3732 5137 47 22 not
3790 5126 107 32 mislead
3918 5127 43 24 the
3972 5124 73 25 house

3728 5170 48 26 the
3797 5173 59 21 men
3872 5174 7 21 ;
3896 5163 56 26 that
3964 5163 81 33 power

3733 5204 51 26 and
3797 5212 31 17 as
3842 5202 20 26 it
3875 5206 51 18 was
3938 5205 13 17 a
3963 5198 85 32 power

3726 5241 17 26 it
3759 5237 81 30 could
3855 5241 44 21 not
3914 5233 28 26 be
3958 5225 90 38 lodged

3726 5315 47 24 rote
3785 5304 142 41 proposed,
3943 5300 51 31 and
4009 5306 43 20 ez-

3726 5366 1 7 .

3726 5394 52 28 'hen
3804 5400 38 19 we
3861 5396 69 20 were
3941 5379 104 34 assured

3726 5430 90 34 oreign
3843 5424 128 30 relations
3987 5424 63 20 sere

3726 5464 268 59 wasrhenitcould
4029 5497 14 18 o

3930 5457 124 59 appareont

3726 5502 39 28 nib
3777 5498 124 30 America
4046 5492 11 21 t

3726 5550 11 27 y
3763 5536 112 71 withoutany

3894 5530 137 66 honourableforeiga
4032 5533 21 20 a

3726 5611 73 27 tation
3814 5603 128 40 proposed
3956 5609 34 19 on
3998 5598 28 27 th
4026 5598 28 27 at

3726 5689 22 27 ry
3761 5680 25 26 di
3794 5676 98 31 elared,
3902 5667 66 34 that
3969 5667 33 34 So
4002 5667 51 34 uth

3726 5715 54 38 arty
3795 5711 125 40 required
3950 5715 34 21 an
4004 5704 30 27 ad
4033 5704 15 27 -

3738 5575 57 27 face

4004 5704 32 27 ad
4038 5717 11 7 -

3726 5789 45 27 the
3784 5786 122 28 increase
3922 5774 129 45 proposed

4057 6033 14 15 •

1681 1814 120 21 SUPPLY.

1315 1852 46 28 On
1380 1852 47 28 the
1440 1845 266 33 CHANCELLOR
1717 1844 31 26 of
1759 1847 46 22 the
1820 1840 243 35 EXCHEQUER
2078 1841 113 37 moving

1270 1878 1 45 ;
1280 1890 46 27 the
1339 1889 90 27 Order
1442 1889 30 26 of
1483 1889 46 26 tau•
1545 1885 58 35 Day
1615 1883 43 27 fur
1685 1883 45 26 the
1741 1880 84 27 house
1838 1878 142 37 resolving
1993 1878 78 28 itself
2100 1880 59 27 into
2174 1889 15 18 a

1280 1926 163 27 Committee
1452 1924 32 26 of
1492 1920 117 37 Supply,

1317 1963 53 27 Mr.
1385 1959 113 30 HUME
1514 1957 57 27 said
1592 1958 70 27 that,
1684 1951 98 34 seeing
1804 1959 52 20 one
1869 1951 32 27 of
1919 1951 44 27 the
1988 1951 86 27 Lords
2096 1952 32 27 of
2143 1952 46 27 the

1283 1998 159 28 Admiralty
1456 1997 27 26 in
1500 1996 43 26 his
1556 1993 87 38 place,
1672 1990 33 26 l►e
1730 1998 60 18 rose
1817 1993 28 24 to
1858 1989 52 26 call
1926 1989 41 26 his
1982 1988 137 28 attention
2132 1995 28 21 to
2176 1998 15 18 a

1278 2036 116 37 petition
1411 2033 92 28 which
1524 2031 34 26 he
1571 2028 53 28 had
1637 2034 27 21 to
1685 2029 120 34 present,
1830 2026 70 26 front
1909 2035 35 17 an
1959 2026 154 27 individual
2128 2026 61 30 who

1278 2073 87 28 stated
1387 2073 59 27 that
1474 2080 17 17 a
1509 2076 58 19 new
1585 2066 105 27 disease
1716 2062 52 28 had
1792 2067 76 33 crept
1885 2062 60 28 into
1971 2062 46 27 the
2037 2062 86 39 Navy,
2144 2065 46 27 the

1277 2114 51 33 dry
1341 2108 130 30 rot—and
1485 2107 58 26 that
1566 2111 83 27 many
1661 2100 159 35 ships—the
1839 2100 73 27 Lord
1937 2099 96 33 Howe,
2056 2102 46 26 the
2124 2101 50 27 Nei-

1276 2156 60 21 son,
1356 2145 53 27 and
1424 2145 47 26 the
1483 2143 96 33 Queen
1593 2137 252 30 Charlotte—were
1859 2145 61 18 now
1939 2137 118 26 infected
2075 2139 65 26 with
2154 2138 34 27 it.

1276 2183 60 27 The
1348 2181 144 33 petitioner
1504 2174 182 40 particularly
1698 2173 90 26 called
1814 2173 47 27 the
1876 2174 136 25 attention
2031 2176 33 25 of
2075 2174 47 27 the
2134 2174 38 26 Ad-

1278 2217 113 37 miralty
1404 2222 27 21 to
1459 2215 56 26 this
1543 2211 117 35 subject,
1681 2209 53 27 and
1750 2216 26 19 to
1789 2210 86 34 adopt
1893 2218 76 17 some
1984 2218 93 18 means
2092 2215 26 21 to
2132 2219 43 26 pre-

1277 2259 64 22 vent
1369 2255 37 25 its
1428 2251 103 31 effects,
1561 2246 90 28 which
1664 2246 28 26 in
1706 2245 65 27 time
1791 2245 91 27 would
1896 2245 168 38 completely
2075 2245 115 37 destroy

1277 2300 51 19 our
1338 2293 90 34 Navy.
1465 2288 32 28 In
1513 2288 67 30 fact,
1604 2283 63 28 half
1688 2282 47 28 the
1761 2281 81 38 Navy
1856 2291 70 18 were
1949 2291 61 18 now
2024 2282 107 38 injured
2154 2283 34 37 by

1276 2328 56 27 this
1348 2328 118 30 disease,
1479 2326 52 26 and
1547 2328 46 31 yet
1607 2331 34 17 no
1654 2320 110 35 remedy
1778 2320 47 27 has
1838 2319 66 28 been
1918 2319 170 30 discovered.
2124 2320 64 28 The

1276 2365 156 37 petitioner,
1444 2362 53 28 Mr.
1511 2359 149 34 liurridge,
1680 2357 103 37 prayed
1804 2357 60 26 that
1884 2367 15 17 a
1920 2356 116 34 general
2050 2365 98 30 survey
2160 2357 31 26 of

1276 2402 47 26 the
1336 2401 83 34 Navy
1431 2408 60 26 may
1507 2399 32 26 be
1554 2396 98 31 taken,
1674 2394 53 27 and
1744 2394 58 26 that
1813 2394 46 27 the
1873 2393 53 26 real
1941 2398 71 22 state
2024 2393 33 27 of
2067 2396 46 25 the
2122 2394 65 27 fleet

1277 2438 32 28 be
1333 2447 73 19 seen.
1444 2435 69 28 This
1535 2434 106 27 disease
1667 2440 54 18 was
1743 2430 46 27 the
1809 2437 81 21 cause
1910 2430 31 26 of
1958 2435 80 31 great
2060 2438 129 30 expense,

1276 2476 53 26 and
1354 2483 81 27 many
1449 2473 74 35 ships
1539 2479 70 19 were
1625 2473 61 22 now
1710 2466 67 28 unlit
1792 2466 43 28 for
1853 2476 54 21 sea,
1932 2467 109 35 though
2055 2469 67 35 they
2132 2467 54 27 had

1278 2520 79 18 never
1372 2511 67 26 been
1463 2518 34 17 on
1521 2506 111 27 service.
1671 2504 25 26 It
1711 2512 56 17 was
1792 2503 136 26 therefore
1951 2503 79 35 right
2053 2504 60 26 that
2140 2504 48 26 the

1276 2546 94 33 public
1381 2545 99 27 should
1494 2544 80 27 know
1589 2542 76 26 what
1676 2541 47 26 the
1736 2538 158 35 Admiralty
1904 2539 67 26 have
1984 2539 73 26 done
2070 2543 27 24 to
2111 2544 78 22 avert

1277 2583 56 27 this
1345 2582 63 28 evil.
1447 2582 26 26 It
1496 2589 53 17 was
1567 2588 17 18 a
1607 2582 60 22 true
1694 2576 111 33 remedy
1817 2574 91 27 which
1936 2583 54 18 was
2002 2574 117 38 adopted
2134 2575 54 28 last

1276 2627 65 28 year
1355 2619 35 35 by
1402 2619 46 26 the
1460 2626 46 19 use
1517 2616 32 26 of
1569 2613 59 30 coal
1641 2619 52 24 tar,
1719 2611 52 26 but
1785 2610 66 32 this,
1876 2610 34 27 he
1924 2611 178 33 understood,
2131 2621 54 18 was

1276 2656 65 37 only
1355 2654 161 38 productive
1526 2652 31 28 of
1569 2659 72 20 more
1654 2649 105 37 injury.
1796 2646 26 30 It
1835 2655 53 19 was
1902 2646 103 31 known
2017 2649 70 31 that,
2109 2657 37 27 up
2159 2654 28 24 to

1276 2702 15 18 a
1303 2693 104 27 certain
1420 2689 107 39 period,
1548 2689 47 27 the
1617 2686 52 28 oak
1691 2686 31 27 of
1735 2685 129 32 England
1881 2693 54 18 was
1951 2694 78 18 never
2043 2685 105 38 subject
2160 2691 28 22 to

1276 2730 56 27 this
1343 2730 116 26 disease.
1496 2726 151 34 Yesterday
1664 2725 33 26 l►e
1709 2721 170 27 ascertained
1899 2722 61 26 that
1983 2724 46 25 the
2040 2722 144 28 American

1274 2766 61 32 oak,
1349 2767 24 26 if
1385 2765 80 27 felled
1481 2765 80 25 when
1573 2761 46 28 the
1631 2770 48 26 sap
1690 2769 54 17 was
1757 2759 89 30 dried,
1861 2767 85 19 never
1958 2759 89 27 rotted
2059 2759 31 27 in
2104 2760 85 35 ships;

1279 2805 48 24 but
1345 2802 28 30 if,
1393 2810 37 18 on
1444 2802 48 26 the
1507 2803 142 31 contrary,
1672 2794 54 28 this
1740 2794 54 26 oak
1807 2803 54 18 was
1876 2794 83 26 felled
1971 2794 80 26 when
2074 2796 47 26 the
2139 2804 50 27 sap

1277 2846 54 20 was
1346 2843 60 27 wet,
1421 2837 54 27 and
1483 2835 47 30 the
1543 2833 67 30 bark
1620 2842 46 21 on,
1676 2833 22 26 it
1711 2841 53 18 was
1775 2829 116 38 subject,
1907 2831 33 28 he
1954 2839 53 19 was
2021 2831 67 33 told,
2099 2836 28 24 to
2138 2833 51 26 the

1276 2884 73 18 same
1359 2875 106 27 disease
1479 2872 92 27 which
1584 2880 63 19 now
1657 2868 119 30 infected
1791 2876 52 22 our
1856 2868 85 38 ships.
1967 2868 61 28 The
2041 2868 148 38 petitioner

1276 2913 48 26 has
1338 2911 109 27 written
1461 2920 17 18 a
1495 2909 109 28 treatise
1617 2915 74 28 upon
1706 2906 57 27 this
1775 2904 122 34 disease;
1915 2904 124 27 whether
2060 2906 44 26 his
2122 2906 66 37 plan

1279 2957 54 19 was
1361 2949 71 30 good
1453 2956 32 18 or
1509 2946 52 27 bad
1586 2944 33 27 he
1644 2943 47 27 did
1717 2947 47 24 not
1789 2941 91 32 know,
1907 2941 59 33 but,
1985 2946 27 24 at
2028 2941 37 28 all
2083 2947 105 28 events,

1276 2987 22 24 it
1323 2985 90 27 called
1428 2985 41 26 for
1496 2983 47 26 the
1563 2982 107 26 serious
1693 2978 137 28 attention
1860 2978 31 27 of
1915 2979 46 26 the
1991 2978 98 28 house.
2126 2979 63 28 The

1278 3020 72 28 lion.
1364 3021 122 26 Member
1501 3019 65 26 then
1579 3017 93 26 moved
1687 3018 63 25 that
1767 3015 47 26 the
1826 3013 120 28 Petition
1963 3014 32 27 be
2008 3015 123 35 brought
2140 3024 48 28 up.

1311 3059 60 26 The
1388 3053 263 32 CHANCELLOR
1663 3052 31 26 of
1704 3052 47 26 the
1767 3048 247 35 EXCHEQUER
2033 3051 85 27 asked
2138 3053 48 26 the

1278 3094 70 27 Hon.
1368 3094 132 30 Member,
1521 3092 22 26 if
1567 3091 22 27 it
1604 3089 89 27 would
1706 3093 48 21 not
1767 3094 109 19 answer
1886 3097 30 17 as
1928 3087 60 27 well
2002 3092 30 22 to
2052 3086 84 35 bring
2150 3096 38 28 up

1276 3132 45 27 the
1336 3131 116 35 petition
1478 3136 27 20 at
1527 3137 74 18 some
1625 3128 80 26 other
1728 3125 78 30 time,
1832 3124 119 35 perhaps
1972 3124 79 26 when
2066 3124 48 27 the
2126 3130 64 22 vote

1277 3168 90 26 would
1377 3167 31 27 be
1422 3165 150 34 proposed?

1312 3203 53 26 Mr.
1380 3200 115 30 HUMP:
1509 3198 113 35 replied,
1635 3197 60 28 that
1715 3196 34 27 he
1763 3203 53 18 was
1835 3198 48 22 not
1899 3203 87 18 aware
2004 3193 63 28 that
2075 3194 34 28 he
2130 3204 56 19 was

1276 3239 136 27 mistaken
1435 3239 28 26 in
1486 3235 143 34 formality
1648 3231 33 27 of
1698 3231 161 35 presenting
1881 3231 46 26 the
1952 3230 125 34 petition,
2102 3240 30 18 as
2154 3233 34 26 be

1276 3276 52 27 had
1351 3273 158 39 previously
1532 3270 142 28 consulted
1688 3268 66 27 with
1770 3276 77 18 some
1860 3267 33 27 of
1913 3267 43 26 his
1971 3266 72 28 Hon.
2065 3266 124 31 Friends.

1276 3312 143 31 However,
1443 3311 34 26 he
1504 3309 52 26 had
1581 3317 35 18 no
1641 3305 142 37 objection
1809 3309 30 20 to
1861 3308 118 21 consent
2003 3309 28 21 to
2057 3304 37 27 its
2115 3313 59 28 post-

1273 3354 145 28 ponement
1431 3356 34 18 on
1482 3348 48 24 the
1541 3344 163 37 suggestion
1716 3341 32 26 of
1769 3340 47 27 the
1830 3339 170 28 Chancellor
2013 3339 32 27 of
2065 3340 47 27 the
2131 3343 39 26 Ex-

1271 3386 131 33 chequer.

1593 3422 79 19 NAVY
1691 3420 176 20 ESTIMATES.

1306 3458 45 27 Si;
1365 3458 32 27 a
1413 3454 157 31 CLERKE
1585 3452 70 32 said,
1685 3455 61 22 that
1780 3448 106 38 though
1919 3448 34 28 he
1984 3457 57 19 was
2060 3458 87 20 aware
2166 3450 22 28 it

1272 3504 53 17 was
1338 3494 78 28 usual
1436 3500 27 20 to
1482 3493 109 27 confine
1606 3488 112 28 himself
1742 3493 27 20 to
1788 3489 47 24 the
1860 3494 74 19 wear
1959 3487 56 26 and
2047 3493 57 21 tear
2127 3494 63 31 part

1269 3533 32 26 of
1320 3535 47 24 Cie
1380 3531 115 30 service,
1517 3528 54 27 and
1593 3531 48 21 not
1662 3531 28 21 to
1706 3533 38 27 go
1757 3524 60 26 into
1832 3522 46 30 the
1891 3522 133 37 ordinary
2037 3526 152 31 estimates,

1269 3573 56 31 yet,
1349 3578 28 18 as
1402 3569 66 32 they
1482 3574 70 18 were
1574 3563 135 37 prepared
1736 3561 111 34 exactly
1859 3569 30 17 as
1904 3562 47 24 the
1974 3560 135 37 ordinary
2117 3562 57 26 esti-

1271 3611 85 21 mates
1369 3604 31 28 of
1426 3605 46 26 the
1487 3604 51 26 last
1551 3611 74 26 year,
1657 3600 33 25 he
1704 3598 87 34 hoped
1807 3598 76 26 there
1897 3596 90 27 would
2000 3598 32 26 be
2048 3606 34 18 DU
2096 3598 74 37 objec-

1271 3643 58 25 tion
1343 3646 28 22 to
1384 3640 44 27 his
1449 3638 169 37 proceeding
1641 3643 30 20 to
1691 3634 60 27 that
1775 3639 64 28 part
1860 3632 33 27 of
1912 3633 48 26 the
1975 3633 100 37 supply
2088 3643 38 18 on
2140 3635 46 26 the

1271 3683 107 28 present
1387 3676 137 27 occasion.
1563 3670 262 35 Notwithstanding
1839 3669 47 27 the
1900 3670 145 26 reduction
2062 3672 59 24 that
2131 3670 54 27 had

1271 3713 85 26 taken
1381 3713 89 35 plac-,
1491 3711 22 26 it
1525 3718 52 18 was
1593 3707 84 27 found
1701 3713 142 27 necessary
1856 3711 27 20 to
1897 3704 80 28 make
1990 3715 17 17 a
2020 3705 80 28 small
2112 3707 61 27 addi-

1273 3749 58 27 tion
1344 3755 27 21 to
1384 3759 51 18 our
1453 3746 78 30 naval
1547 3748 72 26 force
1631 3745 56 27 this
1697 3751 73 28 year,
1792 3742 90 27 which
1898 3741 92 28 would
2003 3750 83 19 cause
2100 3752 33 19 an
2147 3744 27 27 in-

1272 3794 89 19 crease
1374 3787 32 26 of
1415 3783 182 38 expenditure
1610 3781 28 27 in
1654 3781 57 26 this
1722 3780 177 34 department
1910 3778 31 27 of
1957 3778 83 28 about
2048 3780 138 32 320,000/.

1273 3821 63 27 And
1351 3822 34 26 he
1400 3822 87 35 hoped
1501 3829 34 17 no
1550 3819 141 35 objection
1704 3815 91 27 would
1807 3815 33 26 be
1851 3815 81 27 taken
1945 3821 26 20 to
1985 3816 57 25 this
2055 3817 131 30 increase,

1272 3865 30 18 as
1315 3857 22 26 it
1351 3866 63 22 was,
1427 3859 24 25 if
1462 3865 52 26 any
1528 3855 92 34 thing,
1635 3853 94 26 rather
1741 3850 91 31 small,
1844 3850 180 34 considering
2031 3853 46 25 the
2094 3861 77 17 neces-

1273 3892 52 38 sity
1345 3893 77 26 there
1435 3901 53 18 was
1502 3900 61 18 now
1585 3891 41 26 fur
1651 3887 158 37 protecting
1832 3895 53 18 our
1907 3895 164 22 commerce,
2092 3888 92 27 which

1273 3930 52 27 had
1339 3930 135 27 extended
1488 3927 77 28 itself
1579 3933 30 21 to
1631 3934 79 27 every
1723 3930 61 37 part
1795 3922 32 27 of
1838 3924 48 26 the
1904 3924 96 27 world.
2037 3924 44 27 He
2095 3925 89 35 hoped

1272 3967 45 26 the
1332 3967 84 26 house
1429 3965 90 27 would
1532 3963 57 27 still
1604 3963 106 27 further
1720 3960 100 37 justify
1834 3961 59 25 this
1906 3961 131 32 increase,
2061 3963 79 26 when
2159 3961 22 27 it

1273 4011 52 18 was
1337 4002 164 27 considered
1525 4002 61 25 that
1609 3999 94 32 owing
1716 4003 28 20 to
1759 3997 45 26 the
1817 3998 139 25 exertions
1978 3997 32 25 of
2026 4006 51 17 our
2100 3998 80 26 naval

1271 4041 187 26 commanders
1470 4038 30 25 in
1514 4037 45 25 the
1577 4035 72 26 West
1664 4035 100 28 Indies,
1788 4030 35 30 all
1840 4033 125 33 piratical
1988 4032 196 34 depredations

1273 4084 70 17 were
1356 4074 156 37 prevented.
1550 4071 60 27 The
1624 4072 85 25 house
1722 4068 98 27 should
1834 4067 59 28 also
1907 4076 48 19 not
1970 4068 90 37 forget
2073 4068 47 27 the
2134 4078 33 17 un-

1270 4113 97 26 settled
1382 4119 69 20 state
1462 4111 31 26 of
1502 4119 48 18 our
1569 4107 74 27 West
1657 4107 80 27 India
1749 4106 129 31 colonies,
1890 4107 90 26 which
1996 4106 124 37 required
2137 4107 47 26 the

1273 4149 151 34 protection
1439 4148 31 25 of
1492 4155 74 18 some
1583 4144 80 27 naval
1678 4144 83 27 force,
1780 4142 54 25 and
1854 4142 24 25 it
1886 4152 54 26 any
1954 4148 63 30 part
2030 4152 56 17 was
2101 4143 64 26 with-

1272 4186 92 25 drawn
1380 4185 69 25 from
1463 4183 45 26 the
1532 4186 152 31 protection
1697 4178 32 26 of
1749 4186 51 18 our
1820 4185 163 24 commerce,
2009 4178 47 26 the
2082 4178 100 34 pirates

1273 4219 91 27 would
1378 4219 84 31 again
1475 4226 103 26 appear
1592 4217 27 26 in
1633 4215 47 26 the
1694 4213 92 26 South
1800 4213 148 26 American
1959 4214 77 25 Seas.
2075 4214 25 25 A
2117 4224 51 17 con-

1271 4254 133 28 siderable
1419 4253 79 28 naval
1518 4254 73 25 force
1606 4260 56 18 was
1680 4250 58 27 also
1748 4257 145 27 necessary
1905 4248 30 27 in
1958 4253 47 22 the
2021 4247 126 28 Mediteri
2154 4259 14 19 a-

1273 4302 79 22 nean,
1377 4292 28 26 in
1429 4297 187 31 consequence
1638 4287 32 27 of
1687 4289 48 25 the
1747 4284 139 28 unsettled
1899 4290 72 22 state
1983 4284 33 27 of
2029 4284 92 30 affairs
2135 4286 30 28 be-

1273 4336 85 21 tween
1371 4329 50 27 the
1431 4328 105 26 Greeks
1553 4325 53 27 and
1618 4324 100 27 Turks.
1759 4322 96 27 Under
1867 4323 78 26 these
1957 4322 223 35 circumstances,

1273 4367 33 26 he
1319 4365 97 27 should
1430 4365 54 26 find
1501 4361 113 28 himself
1633 4361 87 26 under
1739 4361 46 26 the
1805 4358 131 35 necessity
1948 4358 32 26 of
1995 4361 152 34 proposing
2165 4370 15 18 a

1273 4409 60 21 vote
1346 4404 31 26 of
1383 4401 99 32 29,000
1494 4407 120 25 seamen,
1628 4396 90 28 which
1735 4394 90 28 would
1840 4394 33 26 be
1883 4404 34 17 an
1926 4395 124 26 increase
2062 4394 32 27 of
2101 4395 81 32 3.000

1272 4448 64 18 over
1346 4439 63 28 that
1422 4437 32 27 of
1470 4437 52 27 last
1544 4444 73 27 year.
1657 4433 112 26 Besides
1789 4433 48 26 the
1860 4439 143 27 necessary
2016 4430 124 28 increase
2153 4433 32 27 of

1272 4475 184 37 expenditure
1468 4474 69 26 from
1550 4480 34 18 an
1594 4472 122 26 increase
1729 4468 31 27 of
1776 4468 84 30 force,
1880 4468 77 25 there
1972 4466 90 27 would
2078 4468 33 26 be
2124 4468 58 27 also

1273 4520 15 17 a
1300 4511 93 27 casual
1407 4511 124 26 increase
1546 4509 69 25 from
1630 4507 46 26 the
1684 4506 52 26 rise
1747 4505 32 26 of
1787 4504 155 37 provisions
1954 4502 76 27 since
2042 4502 52 27 last
2106 4513 74 27 year.

1274 4547 57 26 But
1344 4546 107 37 though
1465 4546 24 26 it
1501 4543 91 27 would
1604 4543 32 27 be
1651 4550 143 26 necessary
1804 4544 28 24 to
1847 4539 133 26 maintain
2000 4547 15 18 a
2027 4538 89 38 larger
2135 4550 31 18 na-

1273 4583 43 27 val
1329 4583 73 27 force
1429 4590 35 19 on
1479 4580 107 34 foreign
1610 4578 126 31 stations,
1767 4577 70 26 from
1851 4577 46 26 the
1909 4577 145 26 extension
2073 4574 31 27 of
2131 4584 51 19 our

1273 4628 162 22 commerce,
1454 4615 183 38 particularly
1645 4624 38 17 on
1700 4615 78 26 those
1795 4613 116 27 stations
1923 4613 91 25 where
2027 4612 156 35 provisions

1274 4665 46 18 are
1333 4655 76 33 dear,
1427 4654 58 28 still
1499 4654 45 27 the
1553 4652 122 27 increase
1687 4650 30 27 of
1739 4649 185 37 expenditure
1936 4648 56 27 will
2007 4654 50 21 not
2065 4649 70 26 bear
2146 4657 34 18 an

1273 4696 126 24 accurate
1423 4689 162 37 proportion
1606 4693 28 20 to
1646 4687 50 26 the
1709 4691 112 28 present
1834 4685 122 27 increase
1974 4684 31 26 of
2019 4684 83 28 force.
2140 4685 43 27 He

1274 4728 90 26 would
1377 4735 60 19 now
1449 4726 64 27 take
1527 4724 46 26 the
1583 4722 182 37 opportunity
1778 4721 31 26 of
1821 4720 128 37 alluding
1962 4726 26 20 to
2003 4720 46 27 the
2062 4720 117 37 petition

1273 4765 31 28 of
1313 4763 154 34 Butridge.
1481 4761 25 27 It
1518 4760 25 27 is
1557 4765 61 21 true
1633 4759 47 26 the
1694 4760 51 32 dry
1759 4762 44 22 rot
1814 4757 53 27 had
1879 4761 79 32 crept
1970 4756 59 28 into
2041 4759 46 26 the
2101 4766 79 27 navy,

1273 4799 177 38 particularly
1463 4798 105 34 during
1580 4795 47 27 the
1641 4804 64 21 war,
1730 4793 91 27 which
1845 4793 81 27 could
1942 4798 47 21 not
2002 4793 33 26 be
2047 4793 61 27 well
2121 4802 46 26 pre-

1274 4837 98 26 vented
1387 4837 70 26 from
1481 4835 46 25 the
1551 4838 76 20 baste
1651 4830 66 26 with
1731 4830 90 27 which
1839 4828 77 34 ships
1933 4837 70 18 were
2024 4827 79 33 built,
2127 4830 53 26 and

1273 4872 99 27 timber
1381 4870 113 43 obliged
1508 4874 27 21 to
1546 4867 33 27 be
1593 4871 46 22 cut
1651 4865 92 26 down.
1782 4864 54 26 But
1850 4864 70 28 from
1933 4865 48 24 the
2003 4864 177 34 precautions

1274 4916 61 19 now
1346 4909 81 26 taken
1442 4915 28 19 to
1482 4905 111 35 cutting
1606 4903 47 26 the
1665 4900 126 31 timbers,
1813 4902 53 25 and
1878 4902 80 25 other
1971 4907 103 22 means,
2098 4900 70 37 parti-

1273 4943 106 37 cularly
1390 4943 61 27 that
1461 4942 31 27 of
1501 4941 83 34 using
1593 4937 58 30 coal
1667 4942 51 26 tar,
1729 4937 102 31 which,
1845 4941 48 21 not
1906 4935 5 45 .
1919 4935 177 38 ithstanding
2108 4937 74 27 what

1274 4980 45 27 the
1335 4980 74 27 Hon.
1417 4978 163 27 Gentleman
1611 4974 53 27 had
1696 4974 69 30 said,
1796 4974 44 30 he,
1873 4971 67 27 from
1955 4971 125 35 personal
2091 4972 78 27 obser-

1274 5015 105 32 vation,
1400 5015 81 27 made
1501 5013 31 26 in
1554 5013 46 26 the
1622 5017 136 26 company
1770 5008 32 26 of
1817 5016 37 18 an
1873 5007 156 26 individual
2044 5008 63 26 who
2128 5009 52 27 bad

1274 5050 64 34 paid
1351 5055 80 31 great
1446 5048 136 30 attention
1594 5052 28 22 to
1637 5046 57 26 this
1703 5043 116 35 subject,
1830 5043 83 26 knew
1920 5043 109 35 greatly
2043 5044 97 27 tended
2153 5050 30 21 to

1274 5091 157 24 counteract
1444 5086 48 26 the
1504 5085 64 31 evil,
1579 5083 53 26 and
1645 5081 59 27 also
1717 5080 69 25 from
1796 5081 46 25 the
1853 5079 161 27 immersion
2031 5079 33 27 of
2086 5081 97 28 timber

1276 5121 28 26 in
1317 5121 53 28 salt
1382 5126 83 24 water
1476 5121 44 26 for
1532 5127 76 19 souse
1620 5118 67 27 time
1704 5114 90 28 before
1814 5114 24 27 it
1851 5124 54 18 was
1928 5115 78 32 used,
2030 5115 34 27 he
2079 5117 54 27 had
2147 5126 34 19 no

1276 5157 96 33 doubt,
1396 5158 47 26 the
1465 5157 104 27 disease
1592 5153 92 28 would
1707 5152 32 27 be
1756 5150 164 37 completely
1945 5152 137 28 removed.
2119 5154 64 27 The

1279 5193 71 27 Hon.
1374 5194 124 26 Member
1521 5190 163 30 concluded,
1710 5190 34 32 by
1759 5186 149 35 proposing
1920 5196 17 19 a
1958 5194 63 20 vote
2030 5189 32 27 of
2078 5189 99 33 29,000

1277 5237 117 24 seamen,
1411 5229 43 27 for
1474 5228 120 26 thirteen
1617 5226 80 26 lunar
1722 5223 118 31 months,
1863 5222 71 27 from
1958 5225 45 26 the
2020 5225 41 27 Ist
2073 5228 32 26 of
2114 5226 65 27 Jan.

1279 5262 78 34 1824,
1369 5264 146 35 including
1525 5262 83 33 9,000
1622 5259 89 38 Royal
1723 5258 129 27 marines.

1313 5301 56 26 Mr.
1383 5300 118 26 WARD
1514 5307 71 24 rose,
1604 5303 28 21 to
1646 5300 109 33 request
1769 5295 45 26 the
1828 5294 73 27 Hun.
1915 5294 162 31 Gentleman
2093 5295 90 30 wou'd

1278 5335 100 37 supply
1393 5336 58 26 him
1463 5335 67 26 with
1550 5342 76 18 some
1645 5331 183 27 information
1846 5337 73 27 upon
1943 5333 47 25 the
2013 5333 119 35 subject,
2154 5333 32 26 of

1279 5372 91 26 which
1383 5370 34 27 he
1430 5378 57 18 was
1495 5374 45 30 yet
1553 5369 141 34 ignorant.
1730 5367 45 26 He
1795 5365 194 37 apprehended
2003 5368 31 26 th
2043 5375 21 19 it
2082 5378 17 17 a
2124 5375 46 28 por-

1278 5408 59 26 tioc
1364 5406 33 27 of
1423 5404 46 28 the
1488 5405 120 26 increase
1639 5404 32 26 of
1698 5409 118 25 seamen,
1847 5408 54 20 was
1925 5400 124 31 destined
2069 5404 43 27 for
2137 5402 46 27 the

1278 5443 136 27 blockade
1423 5440 112 31 service,
1560 5441 52 26 and
1628 5439 54 27 this
1703 5439 103 27 service
1819 5437 132 38 appeared
1964 5444 28 21 to
2007 5439 34 28 be
2053 5441 46 26 the
2113 5440 70 35 prin.

1279 5479 72 37 cipal
1372 5476 110 39 ground
1507 5476 31 27 of
1553 5476 57 26 this
1631 5476 131 26 increase.
1801 5474 43 27 He
1864 5473 48 28 did
1938 5480 48 21 not
2013 5476 69 27 wish
2095 5480 28 24 to
2141 5485 28 19 re-

1279 5517 60 27 vive
1354 5515 57 28 this
1423 5511 115 38 subject,
1551 5511 48 28 but
1612 5519 34 20 no
1659 5520 60 18 case
1733 5510 80 28 could
1817 5510 103 38 justify
1930 5512 67 27 such
2009 5520 35 20 as
2054 5511 131 34 increase.

1279 5554 51 28 but
1361 5551 70 28 hard
1461 5552 145 32 necessity,
1636 5548 31 26 in
1690 5556 15 18 a
1729 5548 67 26 time
1819 5548 33 26 of
1878 5556 93 27 peace.
2004 5549 43 28 At
2069 5556 116 31 present.

1281 5589 69 32 1700
1380 5596 63 20 men
1475 5593 72 20 were
1574 5582 146 38 employed
1743 5593 38 18 ou
1809 5583 50 27 the
1886 5591 77 19 coast
1987 5587 113 33 service,
2128 5587 54 26 and

1279 5631 46 28 yet
1345 5635 18 18 a
1375 5624 107 27 further
1502 5621 123 26 increase
1651 5627 57 18 was
1729 5619 90 27 called
1839 5619 52 27 for.
1930 5620 71 26 Now
2023 5622 35 27 be
2076 5621 103 28 wished

1280 5666 30 22 to
1324 5662 81 25 know
1420 5659 76 26 what
1508 5659 109 32 greater
1630 5659 96 21 extent
1739 5654 32 26 of
1792 5660 74 21 coast
1881 5663 56 18 was
1950 5660 27 22 to
1991 5656 33 28 be
2036 5655 151 38 protected,

1280 5696 53 27 and
1346 5696 25 27 if
1382 5694 87 28 ander
1481 5692 46 27 the
1540 5698 74 20 same
1625 5689 176 27 commander
1817 5689 60 27 who
1899 5699 60 19 now
1975 5694 53 26 had
2048 5702 53 18 one
2124 5693 63 34 ship

1279 5733 30 28 in
1322 5733 46 28 the
1381 5731 115 30 Downs,
1506 5726 54 28 and
1574 5725 90 27 whose
1677 5726 58 26 seal
1749 5725 52 27 and
1813 5734 104 30 energy
1926 5737 71 20 were
2003 5730 59 28 well
2078 5730 109 27 known.

1281 5770 39 26 As
1341 5770 67 33 long
1422 5776 30 19 as
1466 5766 48 25 the
1525 5763 69 34 duty
1606 5770 53 19 was
1670 5770 31 18 so
1714 5761 69 35 high
1805 5771 35 18 on
1866 5765 105 27 several
1995 5766 13 30 a
2008 5766 13 30 r
2021 5766 53 30 ticl
2074 5766 13 30 e
2087 5766 27 30 s,
2130 5765 54 27 and

1280 5815 31 19 so
1322 5804 78 37 large
1410 5812 14 19 a
1440 5807 135 31 premium
1586 5796 64 28 held
1658 5802 50 22 out
1722 5802 27 22 to
1761 5799 174 38 smuggling,
1948 5802 24 27 it
1984 5802 102 33 would,
2100 5802 28 27 in
2143 5800 44 27 his

58 0 37 35 IN

70 43 8 19 w

0 128 4 30 1

0 162 4 13 P

33 4557 37 22 4'l
