4169 6177
86 306 57 19 was
157 299 144 31 necessary.
340 289 40 27 He
394 287 174 37 complained
583 294 46 22 not
641 288 32 28 of
687 288 47 28 the
748 286 78 27 strict
837 283 124 28 examina-

85 335 57 28 tion
152 337 28 21 to
190 330 86 27 which
292 327 176 28 Lieutenants
477 333 71 19 were
561 324 152 38 subjected,
726 322 48 28 but
788 322 28 26 of
829 322 46 26 the
887 320 92 28 Order

86 372 26 27 in
125 365 123 31 Council,
261 370 27 22 to
301 361 86 27 which
411 361 35 27 he
465 361 53 26 had
542 361 125 32 referred,
683 361 113 27 because
814 358 21 26 it
848 356 126 28 declared

86 403 96 32 certain
193 402 102 26 officers
306 397 142 37 ineligible
470 402 30 22 to
528 394 34 30 be
586 397 142 28 examined
750 394 136 34 touching
905 393 72 27 their

85 436 13 43 q
98 436 189 43 ualifications.
324 433 41 27 He
384 432 103 28 wished
509 438 27 21 to
556 438 117 31 support
696 433 45 26 the
761 431 89 35 Navy,
868 430 53 26 and
944 430 33 26 he

85 474 112 33 thought
211 472 32 26 be
257 470 46 27 did
315 478 31 18 so
356 469 78 27 when
448 469 35 27 he
498 469 150 37 attempted
663 475 27 20 to
705 467 109 35 remedy
831 465 97 27 abuses
947 465 27 27 in

86 515 8 26 i
94 515 9 26 t
104 515 9 26 .
150 510 24 26 It
189 507 48 27 had
249 514 78 19 never
346 506 66 26 been
428 503 44 28 his
484 506 66 26 wish
566 507 60 25 that
640 504 169 34 promotions
828 501 99 28 should
943 501 33 27 be

85 544 97 35 wholly
194 541 139 37 regulated
346 540 37 38 by
392 539 142 34 seniority,
557 539 47 30 bat
626 541 34 25 be
685 540 46 26 did
744 543 47 22 not
810 547 84 26 agree
907 537 66 27 with

86 588 41 26 the
141 580 156 27 sentiments
308 576 143 37 expressed
465 576 35 37 by
522 578 47 26 the
592 576 111 27 Gallant
717 575 100 28 Officer
833 575 53 27 last
899 582 74 27 year,

85 630 33 19 en
131 618 43 27 the
196 614 131 34 necessity
346 613 32 27 of
397 613 158 35 promoting
566 621 96 27 young
674 621 60 18 men
748 611 33 28 of
802 611 94 38 family
909 619 65 18 over

86 657 26 28 ot
112 657 67 28 hers,
201 650 53 28 and
268 659 31 19 as
312 659 15 18 a
337 650 100 27 candid
457 648 86 28 friend
559 648 52 28 had
626 648 123 37 thought
761 648 22 27 it
797 647 77 37 right
887 652 27 24 to
934 656 27 19 re-

87 691 69 32 mind
176 689 53 26 hint
248 689 33 26 of
299 686 73 28 what
386 687 52 27 had
454 686 81 28 fallen
555 686 69 27 from
638 686 57 27 him
709 696 35 19 on
764 686 60 27 that
836 684 137 30 occasion.

86 732 20 26 'f
111 731 31 25 he
164 722 171 31 Honourable
358 722 125 28 Member
503 722 150 28 concluded
679 722 34 38 by
735 722 110 38 saying,
857 722 60 27 that
940 720 34 27 be

86 762 90 31 should
196 759 96 37 persist
309 759 30 26 in
359 759 99 34 taking
477 759 45 26 the
535 768 78 18 sense
631 759 32 26 of
674 759 47 26 the
745 759 94 30 house,
850 758 54 26 and
920 767 53 18 was

86 796 110 33 satisfied
208 795 59 27 that
274 794 28 27 in
315 802 31 19 so
359 794 87 37 doing
461 795 35 26 be
503 802 56 19 was
569 794 97 37 acting
687 795 41 26 for
741 795 47 26 the
801 795 73 35 good
885 793 32 27 of
927 794 47 25 the

89 834 100 31 service.

118 870 43 26 Sir
174 868 31 25 G.
217 863 215 30 COCKBURN
451 865 58 28 said
529 866 63 28 that
611 866 76 28 there
705 875 81 18 never
800 874 56 19 was
868 874 15 18 a
901 874 73 18 more

89 907 56 31 !,old
157 902 261 37 misrepresentation
432 902 66 27 than
514 902 60 27 that
586 904 89 26 which
696 904 46 26 the
764 904 74 26 Hon.
850 901 124 28 Member

91 947 33 26 for
135 938 139 31 Aberdeen
295 937 52 28 bad
364 939 79 27 made
451 939 32 27 of
494 940 43 26 his
548 939 60 37 (Sir
625 940 32 26 G.
670 938 190 38 Cockburn's)
875 939 97 37 speech

85 983 26 27 of
119 980 46 27 last
177 976 110 26 session.
327 974 26 27 It
374 984 54 18 was
445 976 158 37 impossible
625 976 41 27 for
679 984 56 28 any
746 984 53 18 one
817 980 30 21 to
855 983 118 27 suppose

90 1020 53 26 that
152 1018 31 22 he
196 1010 78 28 could
289 1011 71 27 have
370 1011 59 28 said
443 1012 60 27 that
513 1013 46 26 the
572 1020 47 18 son
633 1012 32 26 of
671 1020 80 28 every
761 1011 145 27 nobleman
919 1012 53 26 and

90 1059 52 22 man
151 1049 31 27 of
190 1048 106 26 fortune
317 1046 98 27 should
431 1048 33 27 be
484 1048 77 27 made
574 1048 118 35 directly
705 1048 33 27 he
758 1048 52 26 had
823 1046 92 28 served
933 1048 41 26 his

89 1091 56 26 time
155 1096 7 21 ;
183 1085 33 25 he
226 1091 53 19 was
291 1082 28 27 in
331 1083 47 26 the
392 1083 175 28 recollection
581 1084 31 26 of
632 1087 47 24 the
697 1083 93 31 house,
801 1084 53 25 and
863 1091 37 18 on
914 1083 61 26 that

89 1127 30 26 he
136 1119 84 30 would
240 1123 64 27 rest,
315 1119 41 26 for
370 1117 33 28 he
416 1119 98 27 should
528 1119 32 27 be
572 1119 126 27 ashamed
718 1119 21 26 if
762 1119 22 27 it
801 1127 70 19 were
883 1126 77 19 neces-

87 1167 53 27 sary
163 1162 27 20 to
207 1154 104 27 discuss
331 1155 48 26 the
400 1155 86 35 point.
522 1154 48 26 All
598 1154 41 26 his
663 1159 146 31 argument
831 1162 63 22 was,
914 1154 60 26 that

86 1189 119 44 provided
219 1198 96 30 proper
326 1191 135 26 attention
476 1199 52 18 was
541 1191 61 37 paid
622 1194 28 22 to
672 1191 81 26 merit
771 1191 53 26 and
847 1189 125 32 services,

86 1235 41 25 the
139 1237 65 26 eavy
217 1227 46 27 did
279 1230 47 24 not
340 1225 48 28 feel
398 1226 106 35 jealous
519 1231 60 21 that
589 1235 18 18 a
615 1225 159 38 proportion
783 1226 33 27 of
826 1225 146 27 noblemen

84 1266 89 30 should
185 1261 99 33 belong
295 1267 30 21 to
333 1261 72 27 their
418 1261 162 35 profession.

118 1303 50 28 Mr.
178 1298 184 32 CANNING.
380 1298 104 37 having
496 1307 17 19 a
535 1303 70 24 moat
626 1298 112 28 distinct
762 1297 171 30 recollection
946 1297 31 28 of

84 1343 40 26 the
136 1338 92 27 debate
242 1337 30 25 of
294 1336 46 26 the
366 1333 53 28 last
431 1344 73 26 year,
524 1344 59 18 rose
596 1335 43 26 for
658 1335 47 26 the
723 1343 117 28 purpose
856 1333 32 26 of
907 1342 51 18 con-

85 1376 100 30 firming
197 1374 46 25 the
255 1375 145 24 statement
412 1372 32 25 of
464 1372 46 25 the
527 1370 111 27 Gallant
651 1370 136 31 Admiral,
804 1369 32 27 of
847 1370 71 25 what
940 1370 34 25 he

83 1411 40 28 did
137 1419 46 27 say
200 1416 35 19 on
249 1408 58 26 that
317 1407 137 27 occasion.
490 1406 60 27 The
566 1406 165 35 proposition
746 1404 87 28 stated
853 1406 41 26 fur
915 1404 57 27 him

85 1457 47 19 was
144 1452 43 22 not
196 1444 59 26 that
275 1443 90 27 which
379 1443 32 27 he
424 1442 53 28 had
496 1442 66 32 said,
576 1442 60 27 that
651 1446 76 25 there
742 1450 54 18 was
816 1447 46 20 not
875 1441 28 26 in
918 1441 57 26 this

85 1488 50 25 free
145 1488 113 28 country
269 1491 15 17 a
294 1480 79 28 claim
385 1480 69 27 from
470 1479 69 28 rank
552 1478 53 28 and
628 1478 63 28 title
712 1482 28 22 to
758 1476 38 28 all
809 1476 165 37 promotion.

85 1522 53 26 The
151 1517 163 39 proposition
330 1517 91 27 which
436 1517 46 26 the
495 1515 110 27 Gallant
617 1514 100 28 Officer
730 1514 177 32 maintained,
920 1514 52 27 and

85 1560 24 26 in
124 1557 85 27 which
233 1556 33 26 he
282 1554 45 35 (M
334 1564 21 18 r.
366 1554 45 34 C.)
430 1553 125 28 followed
574 1552 67 32 him,
666 1560 64 24 was,
754 1552 60 27 that
835 1552 46 26 the
900 1548 72 39 good

83 1594 28 26 of
124 1594 46 26 the
181 1596 125 32 country,
326 1589 53 28 and
405 1591 46 26 the
470 1590 112 27 interest
601 1589 32 26 of
646 1589 46 26 the
713 1589 103 26 service
831 1587 87 27 would
940 1586 33 28 be

84 1628 159 28 maintained
255 1628 35 37 by
302 1626 182 33 distributing
497 1633 17 19 a
527 1625 100 27 certain
646 1624 157 35 proportion
817 1623 31 27 of
868 1631 87 27 promo-

81 1667 66 26 tions
159 1672 102 26 among
275 1670 60 20 men
350 1662 31 28 of
392 1662 66 28 rank
471 1661 52 28 and
537 1661 70 32 title,
620 1669 30 19 as
661 1659 60 28 well
745 1669 30 19 as
795 1667 105 28 among
913 1667 59 19 men

80 1703 31 27 of
126 1702 78 27 merit
223 1701 54 27 and
300 1698 110 30 service.
445 1698 64 28 And
534 1698 81 37 why?
634 1697 110 27 because
767 1706 78 26 every
866 1704 106 19 seaman

84 1739 86 26 would
184 1739 32 26 be
228 1735 119 28 satisfied
360 1735 37 37 by
410 1735 103 35 feeling
529 1736 58 26 that
601 1735 32 26 lie
646 1735 51 26 and
711 1734 46 27 the
771 1739 116 31 country
906 1741 66 18 were

83 1774 107 38 equally
203 1772 111 30 secured
337 1774 53 25 and
416 1770 144 28 benefitted
585 1770 35 37 by
643 1770 59 27 that
731 1770 117 27 mixture
868 1769 32 27 of
915 1768 46 27 self-

85 1812 106 28 created
215 1809 79 27 merit
313 1808 65 27 with
402 1808 155 35 hereditary
574 1808 79 27 rank.
698 1806 44 37 By
759 1806 67 27 such
848 1815 14 18 a
887 1805 83 27 union

85 1848 37 27 all
137 1848 98 27 classes
248 1846 89 27 would
353 1844 31 28 be
397 1844 61 27 held
472 1844 137 35 together.
647 1841 61 30 You
728 1848 109 26 cannot,
856 1843 116 26 without

85 1887 54 25 this
152 1883 130 37 principle
294 1883 31 25 of
333 1881 157 26 distinction
506 1881 52 26 and
573 1879 111 33 reward,
698 1879 81 28 allow
791 1889 60 19 men
863 1880 31 26 of
906 1879 65 27 rank

85 1922 52 25 and
151 1920 58 26 title
227 1917 158 35 promotion.
425 1915 58 28 You
504 1926 45 17 are
561 1916 56 27 safe
635 1918 28 25 in
677 1916 87 37 doing
785 1924 40 22 so,
844 1916 128 35 provided

86 1964 50 28 you
146 1956 34 24 do
194 1959 43 20 not
248 1951 128 28 interfere
387 1951 66 27 with
477 1952 48 27 the
543 1952 81 27 merit
644 1952 54 26 and
716 1950 115 28 eerviccs
849 1951 32 26 of
898 1950 77 27 those

89 1991 57 26 alio
158 1989 64 27 have
235 1987 63 35 only
318 1987 80 27 merit
416 1987 53 28 and
482 1989 112 27 service.
632 1988 39 26 So
686 1987 41 27 far
739 1985 70 28 from
817 1985 158 38 depressing

92 2028 39 25 the
143 2026 138 26 character
294 2024 31 26 of
343 2023 45 27 the
399 2023 90 37 Navy,
507 2031 54 30 you
570 2023 96 28 enable
678 2024 45 26 the
732 2022 163 37 profession,
909 2024 35 34 by
959 2033 15 17 a

93 2065 66 24 union
170 2061 32 25 of
214 2061 21 24 el
312 2078 8 11 ,
332 2061 47 22 and
392 2060 33 32 by
436 2062 102 31 making
548 2061 43 24 the
601 2060 77 31 Navy
697 2059 45 25 not
752 2059 63 33 only
827 2061 41 22 the
878 2060 84 32 profes-

93 2096 50 25 sion
154 2095 27 24 of
187 2100 56 17 men
254 2093 31 24 of
288 2092 79 25 talent
379 2094 48 22 and
439 2093 70 30 skill,
528 2093 45 24 but
582 2093 33 31 by
627 2091 104 33 making
744 2092 20 25 it
775 2093 43 24 the
829 2093 145 32 profession

91 2130 27 25 of
130 2135 11 17 a
151 2126 150 31 gentleman.
328 2124 107 33 Having
446 2126 56 24 said
511 2131 30 18 so
556 2126 71 24 much
640 2132 32 17 on
685 2124 51 26 this
748 2125 74 30 head,
835 2128 32 21 he
879 2125 96 30 would,

89 2169 26 17 as
124 2161 28 24 he
164 2166 51 17 was
222 2158 84 25 called
318 2165 69 25 upon
398 2165 30 17 as
438 2165 15 17 a
465 2158 130 31 Alinister,
607 2159 65 24 offer
692 2165 17 17 a
731 2158 48 24 few
790 2159 184 24 observations

89 2202 30 15 iJa
129 2192 100 24 another
241 2191 80 31 point.
353 2189 85 26 There
449 2198 77 17 never
533 2198 53 17 was
598 2198 17 17 a
624 2190 91 33 period
725 2191 73 24 when
811 2192 44 22 the
866 2194 109 27 country

89 2232 47 15 was
145 2223 79 24 railed
236 2229 67 25 upon
311 2225 27 21 to
346 2229 94 25 pursue
449 2230 15 17 a
475 2230 70 17 more
553 2223 91 31 steady
652 2229 91 18 course
754 2222 61 25 than
827 2228 25 19 at
861 2228 115 26 present.

86 2257 103 28 Though
202 2257 70 22 there
282 2261 56 19 was
350 2261 33 19 DO
403 2256 146 24 immediate
561 2255 139 31 agitation,
712 2257 45 30 yet
777 2256 21 24 it
817 2255 106 25 became
933 2257 44 22 the

86 2293 100 27 country
197 2291 27 20 to
236 2287 123 25 maintain
372 2287 26 25 in
410 2287 35 25 all
457 2291 72 28 parts
548 2289 32 24 of
594 2289 43 22 the
650 2287 80 25 world
750 2287 35 26 its
808 2289 126 24 situation
946 2289 31 24 of

86 2322 135 24 command.
255 2320 24 25 It
291 2326 52 18 was
353 2326 137 28 necessary
502 2321 54 24 that
568 2321 34 24 its
614 2321 77 24 naval
704 2321 71 24 force
783 2321 91 25 should
886 2322 31 24 be
927 2328 32 25 up-

87 2354 51 24 held
151 2353 24 25 in
188 2353 41 25 the
237 2352 72 26 three
320 2357 74 26 great
406 2354 74 24 naval
491 2354 122 30 stations,
638 2354 41 24 the
698 2353 221 31 Mediterranean,
933 2355 44 22 the

86 2387 67 22 West
168 2386 87 24 Indian
267 2386 47 24 and
326 2386 83 24 South
420 2387 136 24 American
574 2387 74 22 Seas.
681 2386 43 24 He
744 2386 44 25 did
800 2391 45 19 not
862 2394 47 25 say
922 2386 56 25 that

86 2422 96 26 present
193 2424 172 25 appearances
384 2418 119 32 required
527 2425 51 25 any
601 2419 170 24 interference
783 2426 33 17 on
828 2419 41 24 the
881 2422 57 28 part
950 2419 31 25 of

85 2451 45 24 this
139 2454 104 26 country
255 2448 58 25 with
322 2456 14 18 a
346 2453 92 28 strong
445 2451 66 25 hand
520 2458 30 17 or
561 2451 60 25 with
633 2451 184 31 promptitude,
833 2452 44 24 but
888 2452 21 24 it
921 2458 52 18 was

85 2483 38 24 the
132 2481 59 32 duty
202 2484 27 22 of
243 2481 44 24 the
296 2481 146 33 Admiralty
455 2486 26 21 to
493 2490 44 18 see
544 2483 57 25 that
611 2483 43 25 the
666 2483 72 25 force
749 2485 28 22 of
788 2483 123 32 England
921 2490 53 18 was

85 2515 79 32 roll,
176 2515 22 24 if
213 2518 43 21 not
263 2517 112 28 greater,
386 2518 27 21 to
425 2517 56 24 that
498 2516 32 25 of
546 2522 51 25 any
607 2516 76 25 other
693 2516 90 25 nation
803 2519 33 21 on
861 2524 50 25 any
922 2520 41 20 sta-

89 2549 67 28 tion;
171 2548 52 25 and
237 2546 54 25 that
313 2546 63 26 each
389 2548 96 25 station
506 2555 54 18 was
580 2549 138 31 possessed
739 2550 31 22 of
785 2549 54 24 that
861 2549 117 32 strength

87 2582 58 22 from
158 2581 99 24 whence
268 2578 142 26 assistance
418 2580 83 32 might
511 2581 34 25 be
556 2581 87 25 drawn
657 2588 28 18 as
698 2581 43 25 the
750 2582 126 31 exigency
889 2583 31 24 of
934 2584 43 21 the

86 2619 57 18 case
156 2613 25 24 in
191 2611 106 25 another
307 2616 107 26 quarter
432 2613 129 32 required.
594 2613 34 28 If,
645 2611 91 32 taking
757 2615 72 22 these
852 2615 126 30 premises

86 2644 51 24 into
151 2647 112 25 account,
274 2643 70 24 Hon.
363 2644 154 25 Gentlemen
537 2644 53 25 will
602 2644 129 25 calculate
751 2644 44 24 the
817 2650 104 26 present
939 2647 27 24 in-

85 2682 83 18 crease
184 2680 26 20 to
224 2678 41 22 the
275 2676 117 31 possible
400 2678 139 31 necessity,
552 2678 59 31 they
626 2678 54 24 will
692 2678 52 24 find
758 2678 56 24 that
827 2678 22 26 if
865 2679 43 25 the
920 2683 59 21 vote

84 2709 21 24 is
116 2717 30 17 on
163 2717 46 24 any
220 2711 98 30 ground
330 2709 137 31 defective,
477 2709 21 26 it
507 2709 24 26 is
539 2717 33 19 on
581 2711 56 25 that
646 2709 31 26 of
692 2709 187 34 insufficiency.

112 2743 50 24 Mr.
170 2743 46 25 IIU
222 2743 25 25 AI
254 2743 20 24 E
286 2743 59 24 then
357 2743 67 30 said;
433 2744 32 24 he
478 2744 83 24 would
583 2747 46 21 not
640 2750 74 25 press
726 2745 40 22 his
776 2746 163 22 amendment
950 2748 28 20 to

85 2781 13 15 a
107 2776 115 25 division.
255 2776 56 24 The
322 2777 164 22 amendment
498 2783 53 17 was
572 2776 60 25 then
645 2776 146 32 negatived,
807 2778 48 24 and
869 2778 44 24 the
927 2778 39 24 ori-

85 2806 64 30 ginal
161 2807 113 30 question
285 2807 110 25 carried.

112 2838 52 24 The
170 2839 150 25 Committee
332 2839 59 25 then
400 2841 77 25 voted
496 2841 131 30 885,9301.
650 2841 41 25 for
713 2839 44 25 the
768 2841 100 26 service
888 2842 32 25 of
933 2841 46 26 the

83 2870 111 28 marines,

112 2904 122 28 f0t4,3t115/.
246 2906 39 26 for
295 2906 154 33 victualling
461 2914 112 18 seamen.

111 2939 122 27 252,77:a.
243 2940 39 25 for
294 2940 43 25 the
348 2947 70 18 wear
428 2941 51 25 sad
490 2944 56 21 tear
557 2941 31 25 of
596 2940 81 33 ships.

111 2970 104 27 9i,51301.
227 2973 39 24 for
276 2973 148 25 Ordnance.

113 3004 38 22 sir
161 3004 149 26 GEORGE
322 3004 148 27 CLERKE
482 3006 93 31 agreed
588 3009 26 21 to
633 3009 130 28 postpone
777 3005 41 25 the
835 3006 141 25 Ordnance

86 3033 143 26 Estimates.

111 3067 54 24 The
177 3069 71 26 other
259 3069 165 26 Resolutions
438 3078 67 18 were
516 3071 58 25 then
587 3070 94 32 agreed
694 3073 37 21 to.

110 3098 56 24 The
177 3102 78 24 house
266 3104 123 27 resumed,
407 3104 50 24 and
478 3105 43 22 the
542 3104 99 31 Report
661 3110 53 18 was
736 3103 112 31 brought
866 3111 34 22 up
922 3104 51 25 and

79 3131 93 30 greed
184 3135 38 20 to.
253 3133 56 24 The
321 3135 167 25 Resolutions
498 3143 69 17 were
579 3135 107 25 ordered
707 3139 26 20 to
749 3136 33 24 be
794 3136 142 26 submitted
947 3141 27 20 to

79 3170 107 18 morrow
202 3164 61 31 (this
273 3167 73 31 day.)

334 3206 187 20 lIICCIPIOCITY
537 3206 103 20 DUTIES
657 3206 77 20 BILL.

109 3228 53 25 Mr.
176 3229 204 26 HUSKIIISON
389 3233 91 25 moved
491 3234 54 22 that
555 3234 44 24 the
607 3233 99 31 Report
718 3233 33 25 be
763 3231 111 32 brought
886 3240 33 25 up
927 3234 50 24 and

83 3262 66 24 real.
183 3262 89 26 Leave
286 3270 53 18 was
351 3263 78 32 given
439 3268 27 21 to
478 3265 77 31 bring
566 3265 28 25 in
605 3265 43 25 the
659 3265 64 25 Rlit.

299 3317 169 20 RISIDINCI
483 3317 37 20 Or
533 3318 80 19 IRISH
626 3317 120 20 CLERGY.

115 3344 51 27 Mr.
178 3344 219 30 GOULBURN
411 3346 69 32 said,
493 3347 59 26 that
573 3347 34 27 be
619 3346 98 27 should
739 3350 50 24 not
811 3346 93 27 detain
927 3346 47 28 the

85 3380 76 27 house
174 3381 64 27 with
252 3390 53 28 any
318 3390 180 30 unnecessary
509 3383 198 32 observations,
728 3391 30 19 as
776 3390 81 28 every
880 3391 98 27 person

85 3422 64 20 must
169 3416 33 27 be
211 3418 154 27 convinced
385 3418 32 26 of
435 3420 47 25 the
508 3419 169 35 importance
696 3419 31 26 of
749 3418 45 27 the
815 3418 105 37 subject
946 3419 32 27 he

86 3461 47 18 was
151 3454 81 26 about
247 3459 27 21 to
286 3455 103 26 submit
411 3461 26 20 to
463 3455 72 26 their
548 3455 143 27 attention.
730 3455 28 26 If
778 3455 46 26 the
837 3455 141 26 residence

86 3488 26 25 of
123 3489 41 25 the
176 3488 102 38 Clergy
295 3489 27 26 in
338 3489 72 27 their
430 3490 148 35 respective
591 3491 122 35 parishes
736 3500 54 18 was
809 3500 14 18 a
839 3495 99 22 matter
950 3491 32 26 of

86 3530 117 26 moment,
228 3524 22 28 it
278 3530 72 22 must
363 3526 33 27 he
407 3526 178 38 particularly
596 3535 31 19 so
650 3527 28 27 in
704 3526 115 33 Ireland,
835 3528 98 31 where,
946 3527 28 27 in

86 3560 113 27 addition
214 3567 27 21 to
261 3562 46 27 the
331 3562 132 38 ordinary
476 3563 91 26 duties
589 3563 32 27 of
639 3565 137 26 ministers
795 3565 32 26 of
846 3565 131 33 religion,

87 3600 57 32 they
157 3607 67 17 were
235 3598 28 28 in
276 3607 80 27 many
370 3607 74 19 cases
457 3600 89 26 called
559 3608 74 27 upon
646 3605 28 22 to
685 3600 100 37 supply
798 3600 46 27 the
856 3600 117 27 absence

86 3633 25 25 of
119 3635 40 24 the
181 3640 97 31 eentry
299 3637 53 26 and
369 3635 118 37 nobility
497 3635 31 27 of
540 3637 47 26 the
600 3643 125 30 country.
765 3637 59 27 The
842 3637 92 37 object
945 3637 33 27 of

90 3669 34 26 his
137 3670 48 26 Bill
200 3679 52 18 was
265 3676 30 22 to
313 3671 98 27 enable
432 3673 74 26 them
521 3680 73 19 more
606 3672 161 37 adequately
783 3678 28 22 to
823 3673 151 35 discharge

90 3704 39 26 the
136 3707 177 27 combination
326 3709 33 26 of
376 3707 89 28 duties
482 3709 90 27 which
595 3709 135 37 belonged
744 3716 27 21 to
791 3710 72 27 their
874 3709 98 28 offices.

91 3742 67 27 Cases
170 3744 89 34 might
270 3744 70 28 exist
354 3746 91 26 where
463 3745 22 28 it
501 3755 53 18 was
578 3750 48 24 not
648 3755 65 28 easy
732 3748 43 26 for
796 3748 46 26 the
867 3748 89 26 locum-

93 3776 51 31 tent
163 3785 25 21 to
204 3781 93 32 reside,
317 3782 30 26 io
371 3790 183 35 consequence
566 3781 32 28 of
615 3788 120 24 extreme
745 3784 133 32 distance,
892 3794 34 18 or
944 3784 33 27 of
980 3776 1 50 I

97 3823 59 19 some
169 3824 72 28 great
265 3819 92 35 bodily
367 3820 144 37 infirmity.
548 3820 71 27 This
639 3820 58 27 Bill
711 3830 53 18 was
787 3821 131 27 intended
945 3827 27 21 to

96 3852 61 26 make
170 3855 124 37 adequate
313 3856 139 35 provision
469 3856 43 27 for
535 3856 46 27 the
601 3857 187 34 performance
804 3859 32 26 of
857 3859 46 26 the
930 3859 28 26 in-

98 3889 130 28 cumbent's
252 3892 89 26 duties
363 3892 94 26 where
493 3892 35 27 he
559 3901 54 17 was
653 3893 145 35 prevented
835 3893 70 27 from
932 3905 26 17 re-

98 3922 80 32 siding.
215 3926 40 37 By
272 3930 130 32 adequate
422 3928 155 33 provision,
596 3928 33 26 he
658 3930 167 26 understood
849 3931 46 26 the
909 3939 46 25 pro-

102 3959 70 27 lision
200 3963 28 25 of
261 3971 15 18 a
313 3961 158 39 clergyman
513 3964 32 26 of
580 3964 72 34 good
693 3964 85 27 moral
822 3965 149 33 character,

99 3994 40 27 aid
170 3998 60 28 with
274 3999 132 28 sufficient
445 4002 202 35 acquirements
686 4005 30 24 to
744 4000 146 38 discharge
930 4003 43 28 his

98 4033 86 33 duties;
201 4036 47 27 and
269 4038 59 26 who
340 4036 98 30 should
452 4048 104 26 possess
568 4037 48 27 the
630 4045 93 20 means
731 4037 43 28 for
788 4038 183 40 discharging

103 4076 34 21 not
148 4074 91 34 merely
253 4074 45 26 the
317 4074 120 33 clerical,
462 4075 48 27 but
522 4074 60 28 also
594 4074 46 28 the
653 4075 64 27 civil
737 4075 139 28 functions
887 4076 32 28 of
928 4078 43 27 his

100 4108 66 27 office.
200 4108 46 30 Ms
260 4110 53 28 Bill
327 4120 54 19 was
393 4111 106 27 similar
513 4117 28 21 to
553 4111 60 27 that
624 4111 89 27 which
733 4111 52 27 had
801 4113 65 27 been
876 4114 105 37 passed'

104 4148 19 22 to
123 4148 11 22 r
142 4147 37 25 the
189 4147 146 34 regulation
353 4148 32 27 of
403 4150 138 26 residence
561 4147 33 28 of
611 4148 46 27 the
669 4147 104 38 Clergy
783 4148 26 27 in
829 4149 142 35 England.

105 4180 19 26 l:
133 4188 57 21 went
201 4193 60 18 even
274 4185 111 33 further,
398 4186 40 27 for
451 4186 22 27 it
483 4185 138 28 sarrowsd
635 4193 66 28 very
715 4185 193 38 considerably
922 4189 45 26 the

104 4222 43 26 Plea
157 4218 26 26 of
193 4221 155 35 exemption,
361 4222 56 26 and
431 4224 145 33 provided,
588 4222 146 27 whenever
749 4222 21 26 it
780 4222 90 34 might
880 4222 32 27 be
925 4233 35 17 lie-

105 4261 84 27 ces,ary
198 4257 37 26 for
247 4259 44 24 the
301 4258 188 35 appointment
502 4259 31 27 of
559 4269 15 18 a
587 4259 112 31 Curate,
730 4258 61 26 that
811 4261 48 22 the
869 4259 102 28 Curate

105 4289 77 27 timid
195 4291 60 30 have
267 4303 33 17 an
309 4296 131 34 adequate
454 4294 210 27 remuneration.
702 4294 32 26 In
755 4294 47 26 the
814 4294 39 26 far
862 4302 110 27 greater

106 4330 45 25 put
162 4326 27 26 of
196 4328 32 27 its
240 4329 145 35 provisions
397 4330 20 27 it
430 4339 56 18 was
496 4339 18 19 a
523 4339 73 19 mere
614 4329 150 37 transcript
776 4329 32 27 of
824 4330 45 27 the
881 4337 91 21 enact-

106 4367 67 21 ments
183 4364 26 25 of
219 4364 43 30 the
274 4367 111 35 English
399 4368 64 27 Bill.
501 4368 63 27 The
576 4368 84 27 house
671 4365 92 28 would
775 4370 48 24 net
836 4367 136 28 therefore

104 4397 100 28 Consider
216 4402 19 25 it
249 4411 136 27 neceseary
398 4403 43 27 for
465 4404 57 27 him
544 4410 30 22 to
595 4411 38 31 go
651 4403 125 35 through
789 4402 37 28 its
843 4403 126 28 different

104 4437 59 26 parts
172 4436 57 27 with
241 4439 170 33 minuteness,
420 4449 32 18 or
462 4446 28 22 to
502 4440 113 37 explain
627 4446 28 21 at
665 4440 99 35 length
771 4439 39 27 its
816 4440 156 27 tendencies

104 4468 43 26 and
158 4470 100 37 objects.
293 4476 25 26 If
326 4478 20 26 it
359 4476 98 28 should
472 4478 34 27 be
524 4479 47 26 the
585 4475 124 38 pleasure
719 4475 34 27 of
763 4479 46 24 the
828 4475 94 32 house,
937 4476 34 27 he

103 4505 76 28 would
190 4518 51 18 now
253 4520 70 20 move
334 4514 60 26 that
407 4514 46 27 the
467 4513 57 28 Bill
547 4514 33 27 be
605 4512 122 37 brought
751 4511 28 28 in
795 4520 30 18 as
837 4521 17 18 a
873 4518 99 21 matter

104 4540 25 24 of
137 4540 67 34 form,
214 4550 125 34 reserving
352 4552 46 26 the
415 4550 154 28 discussion
582 4550 43 27 for
635 4558 17 18 a
663 4551 93 26 future
772 4556 79 27 stage
862 4548 32 27 of
911 4558 46 27 pro-

105 4576 106 34 ceeding.
242 4583 54 28 The
320 4586 71 27 Hon.
404 4587 164 27 Gentleman
582 4587 65 25 then
677 4589 94 24 moved
785 4585 43 27 for
839 4584 76 27 leave
945 4592 27 20 to

104 4609 76 39 kin
188 4616 24 24 in
224 4617 63 28 &Bill
300 4626 25 21 to
335 4622 172 27 consolidate
520 4622 56 26 and
587 4622 98 26 amend
700 4620 113 27 theta**
826 4620 145 34 enforcing

109 4646 41 27 the
161 4649 123 32 residence
293 4656 27 26 of
338 4657 129 38 spiritual
489 4665 117 28 persons
628 4656 28 26 in
677 4655 9 27 I
694 4656 105 31 reland,
822 4656 54 26 and
891 4661 28 21 to
932 4665 27 18 re-

103 4683 73 28 strain
188 4687 34 26 all
239 4690 113 35 spiritual
365 4702 112 27 persons
490 4697 72 22 troin
587 4691 131 34 carrying
731 4700 39 19 on
783 4700 54 28 any
852 4693 77 27 trade
940 4700 32 20 or

104 4721 171 38 merchandise,
294 4731 48 27 and
354 4731 41 27 for
409 4734 47 25 the
469 4734 116 33 support
596 4728 54 30 and
664 4728 194 28 maintenance
873 4728 32 27 of
922 4729 39 27 sti-

104 4756 98 35 pendary
211 4762 107 30 Curates
328 4767 28 27 in
372 4767 119 30 Ireland.

131 4793 38 26 Sir
177 4792 25 32 .1.
214 4798 183 33 NEWPORT
413 4804 70 30 said,
508 4801 60 27 that
580 4805 30 22 to
622 4805 112 32 prevent
746 4800 156 37 pluralities
918 4808 54 19 was

107 4824 33 27 flue
150 4837 48 28 way
211 4837 24 24 to
248 4838 98 37 compel
363 4839 145 28 residence.
544 4837 61 28 The
614 4838 143 26 extensive
768 4837 99 27 unions
882 4837 90 28 which

111 4863 78 33 existed
200 4873 80 35 ought
301 4879 28 24 to
352 4876 32 28 be
411 4874 145 30 dissolved.
613 4874 41 28 He
665 4874 56 27 bad
750 4873 85 28 found
848 4876 59 27 that
927 4874 47 28 the

110 4896 57 33 bean
176 4906 25 25 of
210 4909 125 38 Armagh,
365 4915 53 26 and
430 4913 84 26 other
526 4910 158 38 gentlemen
707 4910 28 27 in
750 4911 48 25 the
809 4916 104 31 county
940 4910 31 27 of

113 4932 9 59 h
123 4932 9 59 .
132 4932 9 59 !
142 4932 53 59 eatb,
202 4943 58 30 held
274 4948 97 28 unions
384 4949 31 26 of
422 4948 136 35 parishes,
567 4946 31 27 in
611 4946 90 27 which
716 4946 22 26 it
751 4955 54 18 was
816 4946 158 34 impossible

131 4975 28 21 nt
170 4974 48 39 trey
241 4983 79 27 could
332 4984 119 34 perform
470 4984 47 26 the
528 4982 102 27 duties.
665 4981 63 27 The
746 4981 113 37 bishops
891 4982 69 26 them-

112 5014 63 20 'roes
183 5013 43 28 bad
235 5016 123 30 declared
370 5020 61 27 that
443 5020 78 26 these
535 5019 91 34 ought
639 5021 28 22 to
680 5017 33 27 be
725 5016 123 32 divided,
861 5017 48 26 but
917 5019 60 26 that

111 5039 12 34 1
123 5039 71 34 /'elsw
202 5054 41 26 sto
243 5054 14 26 o
257 5054 14 26 d
282 5054 15 26 i
298 5054 15 26 n
321 5054 15 38 t
337 5054 15 38 h
352 5054 81 38 e.way
433 5054 17 38 .
487 5054 37 28 Th
523 5054 57 28 ere
593 5060 18 19 w
611 5060 38 19 as
663 5061 34 18 an
716 5057 44 21 act
769 5050 33 28 of
810 5053 46 26 the
867 5053 65 26 21st
948 5053 30 30 of

112 5074 6 18 ,

172 5081 30 30 11.
211 5088 83 28 which
309 5092 144 33 prevented
468 5091 67 27 such
562 5088 135 27 divisions
710 5087 69 27 from
789 5087 86 37 being
888 5088 89 27 made.

117 5108 25 27 to
151 5117 60 30 these
224 5122 60 30 laws
313 5126 46 27 the
378 5125 91 38 Right
481 5124 177 28 Honourable
685 5124 165 26 Gentleman
878 5124 100 27 should

112 5148 11 27 t
182 5156 34 27 his
242 5163 28 32 at
270 5163 57 32 tent
327 5163 14 32 i
341 5163 28 32 on
370 5163 15 32 ,
420 5163 37 26 aa
457 5163 19 26 d
503 5161 15 27 i
519 5161 15 27 n
561 5159 31 37 re
592 5159 32 37 pe
624 5159 15 37 a
639 5159 65 37 ling
736 5159 37 27 th
772 5159 19 27 e
791 5159 19 27 m
833 5159 34 26 be
886 5159 35 28 wo
921 5159 18 28 u
939 5159 38 28 ld

112 5181 13 39 t
125 5181 40 39 td.
165 5189 38 31 the
216 5193 56 31 beat
283 5197 66 39 reme
350 5197 17 39 d
366 5197 17 39 y
383 5197 17 39 ,
417 5197 37 30 an
454 5197 19 30 d
496 5198 32 28 th
528 5198 17 28 e
566 5200 15 24 s
581 5200 77 24 urest
670 5204 70 30 way,
757 5200 30 22 to
807 5196 71 37 comp
878 5196 18 37 e
895 5196 18 37 l
939 5205 26 19 re-

112 5219 85 35 -11,1,11ce.

149 5259 13 28 11
162 5259 14 28 '.
189 5265 105 32 HUME
304 5271 144 37 expressed
461 5271 45 27 hie
522 5269 59 28 fear
601 5269 61 28 that
685 5277 34 19 no
742 5268 73 35 good
837 5268 83 28 could
946 5268 33 30 be

117 5298 11 46 .
128 5298 32 46 011
170 5298 11 46 e
191 5298 53 46 while
256 5307 31 26 th
287 5307 15 26 e
309 5314 15 31 p
325 5314 93 31 iesent
429 5313 17 32 s
445 5313 17 32 y
462 5313 17 32 s
478 5313 17 32 t
495 5313 17 32 e
511 5313 18 32 m
536 5307 13 26 l
549 5307 28 26 as
578 5307 57 26 ted.
672 5306 81 27 Until
761 5307 47 26 tbe
817 5313 162 27 overgrown

116 5322 86 40 incomes
215 5340 85 30 which
313 5353 69 19 were
389 5347 151 33 atpresent
549 5341 117 38 enjoyed
680 5341 37 38 by
729 5340 170 30 individuals
919 5341 60 27 who

115 5365 9 43 t
124 5365 20 43 !d
152 5372 110 40 nothing,
280 5379 98 28 should
396 5379 18 27 b

390 5422 28 20 as
411 5389 17 17 e
437 5379 120 30 reduced
578 5379 169 31 one-fourth,
768 5379 34 25 he
820 5383 73 20 must
911 5385 51 19 con-

116 5398 47 39 !oler
171 5411 58 26 such
243 5420 135 21 measures
432 5414 59 27 that
507 5421 61 19 now
589 5414 145 41 proposed,
752 5418 30 22 to
793 5413 33 26 be
840 5412 69 28 little
922 5412 46 27 bet

116 5437 13 20 I
150 5439 51 31 than
214 5450 129 33 patching
352 5458 48 27 up,
418 5454 50 21 not
480 5448 169 35 remedying,
666 5448 46 27 the
723 5448 223 28 inconvenience.

116 5503 6 19 t
187 5478 155 35 DAWSON
356 5484 162 38 deprecated
530 5492 53 28 any
594 5489 112 32 attempt
722 5491 28 21 to
767 5484 132 27 interfere
911 5484 66 27 with

125 5509 9 18 11
155 5510 90 34 flood
254 5524 128 34 property
393 5522 33 26 of
444 5519 123 33 Ireland.
582 5520 56 27 and
658 5520 65 27 bore
732 5522 148 37 testimony
893 5528 28 20 to
934 5519 45 28 the

113 5542 11 18 1.

125 5545 11 43 a
136 5545 70 43 ';'ble
216 5556 113 27 services
343 5561 30 24 of
385 5557 46 28 the
444 5557 98 35 clergy
562 5557 32 26 of
604 5557 60 27 that
674 5563 128 31 country.

137 5577 91 39 colnnel
240 5589 156 33 TRENCH
409 5594 30 27 sa
438 5594 30 27 id
487 5601 17 19 a
515 5593 52 27 few
580 5594 87 27 words
689 5594 28 27 in
741 5597 117 34 support
880 5594 33 27 of
935 5593 44 28 the

107 5614 87 39 motion,

132 5649 28 35 Mr
161 5649 15 35 ,
188 5659 295 33 BUTTERWORTH
503 5663 58 27 also
574 5666 145 33 supported
731 5666 47 28 the
791 5666 116 31 motion,
926 5665 52 27 and

104 5678 13 33 b
117 5678 39 33 ore
164 5693 144 40 testimony,
326 5699 18 28 f
344 5699 53 28 rom
419 5700 28 27 hi
448 5700 15 27 s
483 5708 64 18 own
565 5700 126 34 personal
704 5701 169 38 experience,
892 5707 30 22 to
934 5701 46 27 the

133 5727 11 17 c

146 5726 69 31 Ptsitv
226 5731 30 27 of
266 5741 14 18 a
293 5741 28 28 gr
321 5741 30 28 ea
351 5741 14 28 t
365 5741 31 28 er
407 5735 58 27 num
465 5735 19 27 b
484 5735 40 27 er
535 5734 39 28 of
576 5734 157 43 clergymen
746 5740 28 25 in
789 5737 119 28 Ireland.

137 5753 20 33 /i
157 5753 20 33 r
194 5757 206 43 CiOULBURN
416 5772 113 34 replied,
548 5772 130 31 andsaid,
692 5776 59 25 that
765 5776 32 25 be
810 5773 100 27 should
926 5774 40 27 for-

106 5780 28 28 bp
137 5796 11 20 4
148 5796 11 20 r
170 5796 59 32 from
241 5803 123 39 entering
377 5807 60 27 into
446 5807 48 28 the
507 5805 98 28 details
617 5806 32 27 of
657 5809 46 26 the
717 5810 58 32 bill,
790 5817 72 28 upon
876 5810 46 26 the
933 5810 33 26 ob-

104 5825 50 28 irtt
167 5831 12 26 o
178 5831 13 26 f
198 5836 84 32 tshich
295 5841 34 27 he
339 5843 144 37 presumed
496 5843 48 28 the
556 5844 85 26 house
652 5851 53 20 was
719 5845 248 35 agreednamely

1038 1869 185 33 TUESDAY
1258 1871 184 34 EVENING.
1476 1872 215 31 FEBRUARY
1714 1876 44 33 17,
1801 1876 76 31 1824.

1039 1978 98 28 STOCK
1153 1980 172 34 EXCHANGI,
1357 1981 34 30 12
1403 1982 293 30 o'CLoca.Consols
1726 1985 106 35 opened
1858 1985 57 28 this

1007 2030 132 38 morning
1149 2036 30 22 at
1189 2031 69 34 91/1
1269 2043 9 22 ;
1312 2031 51 28 but
1380 2041 69 19 soon
1474 2033 71 28 after
1569 2034 119 28 lowered
1702 2040 27 22 to
1742 2037 15 33 #
1769 2039 15 33 1
1801 2036 43 28 for
1866 2036 48 27 the

1005 2079 144 34 Account;
1168 2081 54 28 and
1235 2081 44 28 for
1292 2091 97 28 money
1415 2091 71 19 were
1498 2088 28 22 at
1541 2083 90 38 911;.
1667 2085 40 27 At
1721 2091 107 31 present
1845 2086 66 37 they

1004 2138 47 19 are
1062 2130 52 32 911
1129 2131 98 38 buyers
1247 2132 44 27 for
1311 2133 46 26 the
1377 2132 237 30 Account.Tise
1638 2144 100 27 money
1763 2135 109 28 market
1892 2135 25 26 is

1005 2187 65 27 very
1081 2179 99 37 'heavy
1193 2180 56 27 this
1260 2181 144 35 morning,
1417 2181 105 37 owing,
1545 2181 22 28 it
1586 2183 22 27 is
1626 2184 146 37 supposed,
1792 2189 28 22 to
1843 2185 67 27 cash

1010 2228 86 37 being
1109 2237 102 20 scarce.
1246 2230 92 27 There
1351 2231 25 26 is
1395 2235 47 22 not
1461 2231 81 27 much
1564 2230 124 30 business
1701 2231 98 34 doing.

1042 2280 46 26 An
1103 2277 118 39 Express
1235 2280 70 27 from
1325 2280 81 27 Paris
1420 2280 22 27 is
1456 2289 61 19 now
1528 2280 146 38 anxiously
1697 2280 99 28 looked
1818 2280 53 33 for.
1889 2285 31 21 to

1005 2327 97 28 obtain
1116 2333 104 24 correct
1232 2328 181 30 information
1427 2329 172 38 concerning
1611 2330 48 27 the
1678 2330 104 28 Decree
1805 2330 30 27 of
1856 2329 50 30 Fer-

1005 2376 104 27 dinand
1127 2378 28 26 in
1180 2378 99 37 regard
1300 2383 30 22 to
1352 2378 91 28 South
1463 2379 150 34 America;
1643 2379 51 30 but
1722 2380 124 28 hitherto
1879 2391 44 19 we

1005 2425 67 28 have
1088 2430 47 24 not
1147 2426 84 27 heard
1244 2426 32 27 of
1291 2427 47 27 the
1350 2427 100 28 arrival
1462 2428 32 27 of
1501 2437 56 28 any
1570 2434 28 21 to
1607 2430 76 37 -day.

1043 2474 26 27 A
1084 2479 96 32 report
1198 2476 120 37 prevails
1341 2476 61 28 that
1423 2476 46 28 the
1492 2476 126 31 Persians
1631 2478 71 30 have
1714 2478 129 28 declared
1859 2480 64 27 War

1007 2524 113 37 against
1134 2525 47 28 the
1194 2525 102 28 Turks.

1043 2569 135 28 Foaatom
1193 2570 222 30 FUNDS.This
1435 2572 107 28 market
1565 2572 21 27 is
1602 2578 48 21 not
1663 2572 27 28 in
1706 2582 31 18 so
1760 2574 164 28 favourable

1005 2627 17 18 a
1033 2622 71 22 state
1123 2628 32 17 as
1172 2620 155 37 yesterday.
1364 2620 27 28 It
1406 2630 115 27 appears
1534 2621 60 27 that
1613 2622 47 27 the
1674 2622 100 35 parties
1788 2622 61 26 who
1863 2631 47 27 pur-

1009 2666 98 28 chased
1120 2675 35 19 on
1172 2668 47 27 the
1240 2668 181 38 intelligence
1448 2670 69 27 from
1538 2669 86 34 Paris,
1650 2670 70 30 have
1735 2672 189 38 over-bought

1010 2717 175 34 themselves,
1200 2727 30 19 as
1243 2725 73 22 most
1326 2719 32 28 of
1369 2720 46 28 the
1428 2720 89 28 South
1531 2722 148 27 American
1702 2721 142 28 securities
1857 2722 69 28 have

1033 2766 138 28 omewhat
1183 2767 117 28 lowered
1311 2769 57 26 this
1378 2769 137 38 morning.

1044 2817 120 34 Spanish
1181 2817 209 37 Bondkopened
1400 2824 28 22 at
1439 2819 61 32 25t,
1520 2819 65 27 with
1604 2819 73 27 little
1690 2820 100 35 doing.
1814 2820 50 27 We
1879 2828 45 19 are

1007 2867 135 28 informed
1157 2868 61 27 that
1239 2868 46 28 the
1307 2868 91 30 Greek
1417 2868 77 30 Loan
1518 2869 24 28 is
1563 2871 130 38 expected
1708 2875 27 24 to
1747 2870 34 28 be
1794 2871 130 39 brought

1007 2919 118 27 forward
1141 2919 118 38 shortly.

1043 2967 66 28 New
1122 2968 131 37 Spanish,
1266 2969 48 34 191
1328 2974 28 22 to
1369 2970 118 33 6Old,
1499 2970 50 33 232
1563 2976 28 21 to
1604 2970 227 35 6Colombian,
1844 2970 37 33 74

1005 3015 85 33 Chili,
1103 3017 221 32 846Austrian
1338 3019 90 37 Scrip,
1439 3019 34 35 96
1486 3019 184 34 iMexican
1691 3020 91 35 Scrip,
1794 3022 19 26 9
1827 3025 28 24 to
1872 3022 13 32 1

1005 3064 131 34 Russian,
1148 3066 52 35 931
1213 3071 28 22 to
1253 3067 184 28 4Prussian
1452 3069 78 32 New,
1551 3069 53 33 921
1615 3074 30 21 to
1656 3069 18 28 3
1683 3069 96 33 Old,
1789 3070 53 35 sh
1860 3076 30 22 to
1900 3070 18 27 5

1005 3115 215 35 Neapolitan,
1230 3116 71 26 85
1315 3116 120 28 Hullet's
1448 3117 128 28 Mexican
1590 3117 100 33 Mines,
1707 3122 15 33 I
1735 3122 28 25 to
1774 3119 15 32 I
1799 3128 123 28 prem.

1006 3165 96 35 Anglo
1114 3163 100 34 Mines,
1226 3164 35 37 81
1273 3169 27 24 to
1311 3165 163 28 9French
1486 3167 91 37 Scrip,
1594 3167 28 28 11
1639 3172 28 22 to
1683 3172 26 31 /.

1044 3276 22 27 A
1083 3275 105 37 private
1200 3275 80 28 letter
1310 3278 124 28 received
1459 3278 145 39 yesterday
1631 3278 69 30 from
1720 3278 85 34 Paris,
1835 3285 85 25 states

1007 3326 61 27 that
1081 3335 17 18 a
1109 3326 184 28 consultation
1305 3326 33 28 of
1346 3327 162 37 Physicians
1527 3338 53 18 was
1596 3330 64 27 held
1675 3338 35 19 on
1724 3330 148 39 Saturday,
1883 3340 35 18 on

1006 3373 47 28 the
1063 3379 69 22 state
1141 3376 31 26 of
1182 3376 45 26 the
1243 3376 99 34 King's
1365 3376 105 31 health.
1527 3377 41 28 fie
1583 3387 53 19 was
1657 3379 168 28 considered
1843 3385 27 22 to
1884 3380 34 28 be

1006 3424 188 37 dangerously
1218 3425 41 32 ill,
1270 3426 53 27 and
1338 3426 21 27 it
1384 3436 54 19 was
1452 3428 136 37 supposed
1603 3429 32 27 he
1648 3428 81 28 could
1744 3433 50 22 not
1806 3430 113 30 survive

1006 3472 46 27 the
1067 3474 94 27 month
1174 3474 32 27 of
1215 3475 109 31 March.

1038 3566 24 26 It
1075 3566 22 26 Is
1109 3567 152 33 surprising,
1277 3569 53 25 that
1343 3570 76 26 when
1440 3579 15 17 a
1468 3572 52 24 law
1539 3570 50 26 has
1613 3570 96 34 passed
1735 3570 135 32 declaring
1886 3576 32 18 an

1011 3613 76 26 office
1097 3614 137 26 inefficient
1246 3618 47 24 and
1306 3618 109 28 useless,
1428 3618 50 25 and
1500 3619 133 31 requiring
1645 3619 21 25 it
1683 3621 27 21 to
1728 3618 33 25 be
1773 3617 146 28 abolished,

1004 3659 73 25 when
1090 3660 137 31 ingenious
1240 3663 169 32 subterfuges
1409 3663 139 32 Ministers
1558 3665 141 31 can:resort
1710 3663 116 31 to,when
1835 3663 71 25 deter-

1004 3705 84 27 mined
1097 3710 27 24 to
1137 3707 83 25 evade
1230 3709 33 24 its
1273 3709 80 26 force.
1389 3709 52 26 Mr.
1455 3709 110 33 Baring,
1583 3710 50 25 last
1644 3710 74 32 night
1730 3710 25 25 In
1774 3711 43 24 the
1824 3717 34 18 oa
1873 3718 12 18 s
1903 3716 15 19 e

1002 3754 32 24 of
1050 3754 150 31 Commons,
1220 3762 63 26 very
1305 3755 123 33 properly
1450 3755 126 32 enquired
1597 3756 32 25 of
1642 3757 44 25 the
1708 3756 157 26 Chancellor
1887 3762 31 25 of

1003 3802 41 24 the
1057 3800 164 34 Exchequer,
1234 3803 59 32 why
1300 3803 33 25 he
1344 3803 52 25 had
1407 3808 46 20 not
1465 3803 137 27 abolished
1615 3804 44 26 the
1677 3806 76 25 office
1763 3806 33 25 of
1812 3807 70 24 what
1892 3803 26 28 is

1000 3848 85 25 celled
1098 3849 40 25 the
1148 3848 96 32 King's
1252 3849 230 30 Remembraneer,
1495 3857 70 26 upon
1577 3850 43 25 the
1626 3852 77 25 death
1716 3852 32 25 of
1754 3850 53 27 Mr.
1817 3853 100 25 Steele

999 3894 69 26 This
1078 3902 119 18 measure
1208 3896 50 24 bad
1269 3898 66 24 been
1346 3896 120 32 strongly
1475 3898 196 24 recommended
1684 3898 35 32 by
1729 3905 18 18 a
1760 3898 157 26 Committee

1000 3950 30 15 as
1041 3943 60 24 well
1113 3950 28 17 as
1154 3944 122 24 enforced
1289 3944 34 32 by
1336 3944 48 25 Act
1396 3945 32 25 of
1436 3945 169 26 Parliament.
1622 3945 43 25 To
1676 3946 52 24 this
1737 3947 122 32 enquiry,
1872 3947 45 24 the

999 3989 83 32 Right
1095 3989 70 27 lion.
1182 3989 156 27 Gentleman
1352 3993 102 22 returns
1467 3998 13 18 a
1494 3999 63 25 very
1572 3992 107 26 curious
1700 3999 115 25 answer,
1828 3993 86 26 which

998 4041 120 21 amounts
1130 4041 26 21 to
1169 4037 59 31 this,
1239 4038 54 25 that
1300 4038 43 25 the
1355 4038 83 26 Lords
1448 4039 30 25 of
1487 4038 43 26 the
1535 4039 143 34 Treasury,
1689 4041 26 26 in
1726 4042 67 25 their
1800 4038 118 30 extreme

998 4083 115 37 anxiety
1127 4089 27 22 to
1174 4094 78 27 carry
1266 4084 60 28 into
1350 4085 78 27 effect
1453 4087 47 26 the
1525 4087 269 28 recommendations
1813 4088 32 27 of
1869 4088 48 27 the

998 4133 171 33 Committee,
1187 4135 53 27 and
1252 4134 46 30 the
1311 4134 169 38 obligations
1494 4136 32 28 of
1545 4136 74 33 Law,
1638 4137 53 28 lost
1704 4143 48 22 not
1761 4148 18 18 a
1792 4143 119 22 moment

1000 4183 30 27 ie
1049 4183 169 38 appointing
1239 4185 57 30 Mr.
1307 4185 120 28 Vincent
1455 4186 47 28 the
1525 4196 138 20 successor
1684 4188 32 27 of
1737 4187 56 31 Mr.
1817 4187 93 30 Steele

1003 4233 80 35 They
1102 4233 85 28 found
1213 4239 57 28 out,
1290 4234 60 28 that
1372 4235 48 27 the
1442 4235 64 27 Law
1519 4237 66 38 only
1599 4237 126 38 required
1740 4237 47 27 the
1800 4237 78 26 office
1891 4240 28 22 to

1004 4280 33 28 be
1052 4283 159 35 regulated,
1233 4289 47 20 not
1293 4283 154 33 abolished,
1465 4286 54 25 and
1546 4286 65 35 they
1637 4285 53 27 had
1722 4290 41 22 set
1787 4291 30 21 to
1839 4284 78 27 work

1002 4330 65 27 with
1080 4331 37 27 all
1129 4331 119 37 possible
1260 4332 138 38 dispatch,
1416 4338 30 24 to
1460 4333 128 35 regulate
1598 4335 22 26 it
1630 4332 281 38 accordiugly.Wbat

1006 4380 46 27 the
1064 4381 92 27 duties
1170 4382 32 27 of
1224 4382 56 28 this
1302 4381 79 30 office
1395 4391 63 28 may
1470 4383 104 27 consist
1586 4383 38 32 of,
1643 4383 24 28 is
1694 4387 47 24 not
1761 4382 156 37 explained,

1005 4435 53 27 and
1075 4436 131 37 certainly
1222 4436 72 28 little
1313 4435 167 30 understood
1494 4447 8 24 ;
1521 4435 50 30 but
1591 4436 48 28 the
1659 4444 113 20 manner
1785 4436 30 27 in
1827 4436 90 30 which

1004 4483 66 38 they
1095 4493 46 19 are
1165 4485 169 39 performed,
1354 4486 156 35 according
1534 4492 30 21 to
1578 4485 53 30 Mr.
1645 4485 118 34 Baring,
1781 4495 89 19 seems
1889 4492 28 24 to

1000 4538 43 24 set
1055 4533 38 30 all
1106 4535 174 27 amendment
1291 4541 27 21 at
1337 4535 131 34 defiance;
1489 4537 44 26 for
1546 4537 33 27 he
1591 4544 72 30 says,
1683 4535 60 28 that
1754 4537 46 27 the
1811 4545 93 31 presen
1904 4545 17 31 t

1003 4583 103 27 absurd
1140 4593 59 27 way
1228 4584 32 30 of
1291 4584 123 35 keeping
1447 4586 74 26 their
1552 4591 132 21 accounts
1750 4586 91 26 would
1865 4586 41 27 dis-

1005 4639 81 24 grace
1107 4639 15 17 a
1148 4631 72 27 tribe
1251 4630 33 28 of
1311 4631 98 28 Indian
1651 4632 64 27 The
1757 4632 89 28 Lords
1885 4632 32 28 of

1004 4681 46 26 the
1070 4681 141 37 Treasury
1241 4689 63 28 may
1337 4681 34 26 be
1401 4689 65 30 very
1494 4688 97 30 expert
1613 4681 44 38 :in
1690 4690 84 30 many
1808 4682 109 37 things,

1004 4735 48 27 but
1088 4734 28 28 i.s
1148 4743 57 28 any
1231 4735 77 30 work
1344 4735 32 30 of
1406 4736 193 32 reformation,
1633 4736 67 35 they
1726 4746 46 19 are
1807 4746 31 19 so
1872 4737 44 27 far

1003 4783 72 27 from
1109 4785 85 37 being
1221 4785 154 37 proficient,
1406 4785 61 27 that
1498 4785 67 38 they
1587 4795 48 17 are
1661 4785 119 38 entirely
1805 4791 51 21 out
1890 4785 31 26 of

1003 4832 72 30 their
1097 4833 128 30 element.
1260 4834 174 39 Regulation
1457 4834 26 28 is
1509 4844 17 19 a
1548 4844 110 31 process
1684 4841 30 22 to
1740 4835 90 28 which
1851 4835 66 37 they

1007 4892 50 19 are
1071 4889 156 32 competent
1245 4887 122 34 enough,
1380 4886 54 28 and
1454 4886 133 35 provided
1603 4886 67 35 they
1688 4896 52 19 can
1756 4889 90 27 retain
1865 4887 51 28 the

1011 4939 161 32 patronage,
1188 4935 69 35 they
1283 4936 56 27 will
1352 4937 70 26 have
1442 4944 37 20 no
1493 4942 79 32 great
1585 4936 138 38 objection
1737 4942 30 24 to
1780 4936 138 38 regulate;

1012 4983 48 28 but
1082 4993 28 18 as
1127 4989 28 22 to
1174 4994 56 26 any
1256 4984 167 28 substantial
1441 4984 102 28 benefit
1559 4985 136 33 accruing
1708 4991 27 21 to
1755 4987 46 27 the
1822 4985 93 37 public

1006 5034 70 26 from
1085 5033 144 35 Treasury
1254 5033 135 32 Reforms.
1416 5033 63 28 that
1495 5033 25 27 is
1539 5033 118 38 entirely
1668 5039 50 22 out
1729 5035 32 27 of
1773 5036 48 26 the
1838 5043 64 30 ques-

1007 5087 12 21 t
1041 5083 57 26 ion.
1135 5080 48 30 We
1192 5091 81 19 never
1286 5081 86 28 beard
1383 5081 33 27 of
1424 5091 56 27 any
1492 5081 230 30 Rensembraneer
1731 5083 32 27 of
1774 5083 81 27 much
1869 5092 48 19 use

1010 5131 50 27 but
1071 5139 67 24 one,
1148 5132 57 26 and
1226 5131 60 27 that
1303 5139 58 19 was
1370 5131 48 27 the
1428 5131 128 28 Monitor
1574 5135 30 22 to
1622 5131 94 38 Philip
1727 5132 33 28 of
1768 5131 149 31 Macedon.

1011 5180 90 28 whose
1115 5180 71 35 duty
1202 5180 139 28 consisted
1361 5179 30 27 in
1414 5180 139 35 sonnding
1571 5179 78 38 daily
1667 5180 30 28 in
1715 5180 45 28 his
1787 5180 129 28 Master's

1010 5239 54 25 ear,
1121 5229 119 38 Philip,
1259 5229 67 30 thou
1337 5235 47 24 art
1560 5229 57 30 and
1641 5230 24 28 it
1687 5231 25 28 is
1733 5241 17 20 a
1767 5231 71 38 pity,
1854 5230 61 28 that

1010 5281 67 27 such
1091 5288 35 19 an
1135 5278 90 32 office,
1235 5280 100 27 should
1345 5280 137 34 ever.have
1492 5281 67 27 been
1572 5280 152 32 abolished,
1735 5281 41 27 for
1789 5281 24 26 it
1826 5281 91 35 might

1015 5326 69 26 have
1096 5326 66 26 been
1179 5323 128 27 attended
1318 5324 65 27 with
1394 5330 80 30 great
1488 5324 111 28 benefits
1611 5329 31 24 to
1654 5324 144 28 Ministers
1806 5333 31 20 as
1856 5323 60 30 well

1010 5379 28 19 as
1051 5373 28 24 to
1093 5368 102 35 Kings.

1044 5460 61 28 The
1117 5463 118 24 account
1250 5457 148 30 circulated
1410 5460 31 27 in
1461 5463 48 25 the
1522 5463 56 34 city
1591 5461 158 37 yesterday,
1760 5461 32 27 of
1800 5461 46 27 the
1859 5460 43 37 pri-

1011 5510 91 37 vilege
1115 5506 116 39 granted
1253 5512 32 21 to
1298 5506 129 38 England
1455 5509 56 28 and
1540 5519 77 19 some
1639 5510 83 28 other
1731 5510 142 28 countries
1885 5511 30 28 in

1012 5561 120 37 Europe,
1153 5563 28 24 to
1200 5557 78 28 trade
1303 5557 64 27 with
1393 5558 45 28 the
1457 5561 112 27 ancient
1598 5561 119 38 Spanish
1730 5561 129 28 Colonies
1885 5561 30 27 in

1011 5609 90 28 South
1115 5607 138 31 America,
1278 5606 25 27 is
1315 5607 161 30 understood
1489 5614 30 22 to
1531 5610 67 27 have
1611 5611 69 26 been
1696 5610 219 27 communicated

1011 5659 35 35 by
1057 5654 187 38 Telegraphic
1253 5653 124 34 dispatch
1391 5654 70 27 from
1472 5656 110 28 Madrid
1594 5663 28 21 to
1629 5657 86 34 Paris,
1728 5659 54 27 and
1795 5659 119 35 brought

1012 5713 27 21 to
1054 5705 115 28 London
1181 5704 37 34 by
1231 5709 119 27 express.

1051 5756 57 27 fhe
1119 5752 69 35 only
1200 5751 96 26 decree
1307 5750 32 26 of
1349 5750 47 28 the
1409 5750 78 39 King
1500 5753 32 27 of
1540 5754 98 37 Spain,
1650 5754 93 27 which
1756 5754 157 28 theFrencb

1015 5804 100 37 Papers
1127 5807 151 22 announce,
1298 5798 24 26 is
1332 5806 53 18 one
1397 5799 90 30 issued
1499 5810 37 19 on
1552 5803 46 26 the
1611 5803 47 31 7th
1674 5803 113 32 instant,
1807 5803 44 28 for
1870 5804 30 31 th
1899 5804 15 31 e

1011 5844 120 30 creation
1144 5842 32 28 of
1183 5850 17 18 a
1213 5838 124 38 Sinking
1350 5838 78 31 Fund
1481 5848 27 24 to
1521 5848 109 26 correct
1648 5852 18 19 a
1687 5848 70 25 state
1767 5844 33 28 of
1819 5845 96 35 things

1730 190 116 41 THE
1894 189 322 46 STATESMAN

1011 286 60 31 that
1083 289 22 27 it
1123 298 58 20 was
1192 291 103 37 highly
1303 287 135 30 desirable
1450 295 28 22 to
1494 291 78 27 make
1597 291 47 27 the
1661 292 141 31 residence
1819 296 34 27 of
1870 295 47 30 the

1009 324 96 37 clergy
1117 335 30 19 as
1160 326 112 39 general
1292 334 28 18 as
1333 326 130 34 possible,
1482 330 56 26 and
1561 326 90 28 where
1669 328 22 27 it
1703 338 57 20 was
1773 331 48 30 not
1833 334 72 34 possi-

1010 361 53 33 ble,
1083 361 59 27 that
1161 372 33 19 an
1214 364 132 37 adequate
1357 361 150 30 substitute
1518 363 100 28 should
1639 364 32 27 be
1684 367 144 34 provided,
1847 370 67 27 with

1007 405 33 18 an
1055 398 133 37 adequate
1196 397 243 31 income.Leave
1450 407 56 20 was
1519 400 67 27 then
1593 402 84 35 given
1691 406 28 22 to
1733 402 85 39 bring
1827 405 30 28 in
1870 406 48 27 the

1007 432 59 28 bill.

1067 1708 175 94 Cht
1311 1710 536 99 Alotattantan.

1952 275 89 28 which
2054 281 118 37 opposed
2185 283 152 30 invincible
2349 283 138 27 obstacles
2500 291 27 22 to
2542 283 93 38 public
2783 283 70 26 This

1948 321 123 39 Sinking
2091 325 81 31 Fund
2193 330 25 27 is
2242 335 28 21 to
2283 330 103 30 consist
2399 330 32 26 of
2446 338 33 19 an
2504 330 102 30 annual
2619 337 60 19 sum
2700 327 33 27 of
2753 330 98 37 eighty

1948 372 122 28 millions
2081 376 32 27 of
2124 369 80 43 real',
2228 383 28 25 to
2277 378 33 30 be
2322 378 110 37 applied
2444 384 28 24 to
2496 380 48 27 the
2556 381 129 34 payment
2694 377 32 40 of
2735 377 48 28 the
2794 386 59 19 new

1946 416 178 37 obligations,
2153 422 90 28 which
2264 416 86 35 tinder
2376 423 48 28 the
2446 428 111 32 present
2578 424 210 26 circumstances
2809 422 45 26 the

1946 462 136 38 Treasury
2094 474 61 30 may
2165 461 125 35 contract
2315 472 28 24 to
2355 461 2 43 ,
2366 472 71 25 meet
2453 469 45 28 the
2512 472 87 25 wants
2623 467 32 27 of
2678 467 46 27 the
2733 467 104 27 Govern-

1945 511 85 25 ment.
2068 508 26 28 It
2113 520 113 28 appears
2239 511 138 28 therefore
2391 514 63 31 that
2474 514 50 27 the
2542 511 148 30 multitude
2707 510 33 27 of
2757 509 94 28 ruined

1945 549 263 37 Capitalists,whose
2218 555 84 28 relief
2309 555 24 28 is
2344 552 156 32 mentioned
2512 556 28 27 in
2551 556 48 28 the
2608 553 138 39 preamble
2757 561 31 19 as
2798 560 53 20 one

1944 595 33 27 of
1983 594 46 28 the
2041 595 105 38 objects
2158 598 32 28 of
2199 599 47 28 the
2258 599 70 30 New
2339 596 94 38 Fund;
2441 600 57 30 will
2512 605 48 25 not
2571 600 93 30 derive
2674 596 80 30 much
2767 596 66 30 bene-

1944 641 32 28 fit
1988 641 71 28 from
2070 643 37 28 its
2120 644 167 32 institution.
2322 645 28 30 A
2357 646 164 31 Committee
2531 647 33 28 of
2574 645 191 39 Liquidation,
2786 644 24 28 it
2828 644 24 28 is

1944 691 72 28 true,
2029 686 24 28 is
2066 691 28 24 to
2106 687 32 28 be
2156 689 105 28 formed
2274 696 30 24 to
2316 690 128 30 examine
2457 691 54 28 and
2524 700 53 28 pay
2589 690 40 30 off
2649 691 76 27 their
2746 689 105 28 claims,

1946 732 50 27 but
2009 741 35 19 no
2057 731 83 28 funds
2152 743 45 19 are
2210 741 41 21 sPt
2263 741 79 30 apart
2355 736 43 27 for
2407 736 63 27 that
2481 745 130 27 purpose.
2648 736 27 27 It
2687 736 25 26 is
2721 735 59 27 also
2792 733 43 27 dis-

1944 775 100 37 tinctly
2056 776 90 28 stated
2170 777 61 28 that
2261 778 39 27 all
2317 778 97 27 claims
2446 784 72 22 must
2544 780 33 27 be
2589 778 120 27 founded
2724 785 35 20 on
2773 777 77 28 titles

1944 819 120 27 anterior
2074 824 30 22 to
2120 819 46 30 the
2179 821 48 32 7th
2257 822 33 27 of
2315 822 110 33 March,
2453 823 78 32 1820,
2557 823 91 28 which
2661 822 129 30 excludes
2803 822 48 30 the

1945 865 64 27 laws
2026 865 31 26 of
2067 865 47 27 the
2127 865 94 30 Cortes
2235 866 70 30 from
2316 868 47 27 the
2374 868 143 35 operation
2529 868 31 28 of
2568 868 47 28 the
2628 876 131 20 measure.

1978 909 61 27 The
2053 911 155 38 paragraph
2230 913 27 27 in
2272 913 46 28 the
2331 913 78 28 Echo
2420 913 39 28 in
2472 913 85 33 Midi,
2576 913 91 28 which
2692 922 41 19 we
2751 912 100 39 quoted

1943 954 142 37 yesterday
2098 956 70 27 from
2179 956 46 27 the
2239 957 204 35 Restaurador,
2466 967 56 19 was
2533 958 128 28 followed
2674 957 38 38 by
2739 966 17 19 a
2779 966 72 20 coup

1944 1005 132 32 meotary,
2095 1000 100 34 which,
2213 1002 22 28 it
2248 1002 22 28 is
2284 1004 164 28 understood
2460 1013 71 27 gave
2558 1005 54 27 else
2626 1009 28 22 to
2665 1003 50 28 the
2726 1013 111 27 sappres-

1944 1046 60 26 lion
2035 1046 32 26 of
2075 1046 47 26 the
2146 1046 81 28 latter
2246 1057 91 28 paper.
2382 1049 64 28 The
2470 1050 201 35 commentary'
2683 1058 56 18 was
2759 1059 28 17 as
2803 1049 38 27 fol-

1944 1090 66 27 lows
2022 1098 44 19 :

2010 1134 97 34 Spain,
2124 1135 91 30 which
2228 1136 76 27 loves
2331 1137 37 27 its
2393 1137 92 33 Kings
2516 1146 30 19 so
2574 1137 92 32 much,
2689 1137 54 27 and
2759 1139 90 26 which

1944 1168 112 28 idolises
2070 1169 156 30 Ferdinand
2239 1172 38 27 VI
2287 1172 34 34 1.,
2330 1173 90 28 would
2433 1173 59 28 lead
2507 1172 79 28 itself
2596 1178 28 22 to
2635 1172 54 28 this
2701 1173 150 28 diabolical

1944 1204 210 32 machination?
2190 1207 61 28 The
2277 1209 122 34 Spanish
2419 1209 112 37 Clergy,
2557 1209 63 26 who
2644 1209 90 26 would
2748 1209 99 35 preach

1944 1241 149 28 obedience
2104 1245 119 27 towards
2237 1245 77 27 Nero
2341 1245 24 28 if
2374 1246 35 27 be
2421 1254 71 20 were
2505 1254 17 18 a
2539 1245 156 37 legitimate
2706 1245 145 32 Monarch,

1945 1278 61 27 who
2017 1279 90 28 would
2120 1280 44 27 die
2176 1280 66 27 with
2257 1281 125 35 pleasure
2395 1287 48 21 not
2457 1287 28 21 to
2498 1281 94 37 betray
2601 1281 91 34 rights
2705 1290 28 18 so
2745 1281 103 32 sacred,

1943 1315 80 27 could
2055 1315 25 28 it
2107 1317 33 27 be
2153 1317 47 27 the
2212 1318 167 27 instrument
2391 1319 32 25 of
2439 1328 15 17 a
2466 1318 85 26 crime
2564 1316 91 27 which
2679 1316 24 27 is
2713 1317 47 26 the
2780 1322 71 22 most

1943 1349 126 31 criminal
2081 1354 33 26 of
2121 1354 38 26 all
2170 1354 98 26 crimes
2280 1354 13 27 ?
2339 1354 89 26 Could
2443 1354 24 26 it
2477 1352 34 27 be
2523 1361 32 19 so
2567 1352 112 34 against
2691 1352 158 27 Ferdinand

1944 1385 65 27 VII.
2022 1385 32 27 2

1980 1421 100 35 PARIS,
2111 1424 72 27 FEB.
2209 1422 66 30 14.
2275 1422 139 30 FRENCH
2434 1422 217 31 FUNDS.Five
2680 1431 47 28 per
2758 1424 94 30 Cents,

1943 1459 103 34 opened
2055 1465 30 24 at
2095 1460 56 28 98f.
2165 1460 59 31 70c.
2261 1459 92 28 closed
2367 1465 27 22 at
2404 1459 57 30 98f.
2473 1461 175 32 75c.Loan
2661 1461 32 27 of
2705 1460 77 31 1823,
2803 1460 47 34 101

1946 1495 79 28 Bank
2055 1496 97 32 Stock,
2185 1496 9 26 I
2199 1517 7 11 ,
2210 1496 15 31 7
2226 1495 239 37 2oNeapolitan
2497 1496 67 28 Five
2589 1507 46 28 per
2648 1498 96 27 Cents.
2766 1496 51 35 83i

1944 1531 118 37 Spanish
2074 1532 112 31 Renter,
2198 1532 226 38 27Exchange
2445 1543 34 19 on
2494 1534 124 33 London,
2655 1534 65 27 One
2740 1533 111 33 Month,

1942 1569 253 31 251.45c,Three
2205 1569 117 31 months,
2334 1569 56 28 25f.
2401 1570 63 27 35c.

2146 1665 182 30 SHIPPING
2348 1664 300 32 INTELLIGENCE.

2323 1715 151 22 .....ims...

1982 1760 373 37 DrAL,Feh.l6.Wind.E.
2366 1761 25 30 &
2404 1761 163 30 S.Sailed
2590 1762 40 28 for
2648 1763 47 27 the
2715 1763 84 27 River
2809 1763 46 27 the

1951 1801 171 30 Resolution,
2133 1798 98 32 Gibbs,
2244 1799 69 27 from
2319 1798 4 33 .
2331 1798 135 28 Jamaica.
2484 1799 61 27 The
2557 1799 86 32 Pono,
2655 1800 117 31 Stiffer.,
2785 1801 69 26 from

1945 1835 131 31 Hambro'
2086 1847 8 22 ;
2112 1835 59 40 and,
2179 1845 14 18 a
2211 1835 98 34 galliot
2324 1835 70 27 from
2409 1834 148 38 Flushing,
2570 1835 96 35 passed
2679 1841 28 21 at
2722 1837 47 26 the
2785 1835 70 28 hack

1944 1876 31 26 of
1985 1876 47 26 the
2048 1873 135 28 Goodwin
2197 1873 99 27 Sands.
2334 1873 85 26 Came
2434 1872 81 28 down
2536 1873 72 27 from
2628 1873 47 27 the
2698 1872 86 28 River
2805 1874 50 25 the

1945 1912 129 34 Smyrna,
2088 1909 119 31 Farmer,
2226 1909 44 25 for
2295 1907 128 37 Smyrna.
2478 1909 69 25 Two
2559 1909 89 33 ships,
2673 1916 15 19 a
2713 1907 76 32 brig,
2799 1907 56 27 and

1945 1945 100 27 several
2066 1944 120 34 galliots,
2198 1954 46 18 are
2263 1945 115 34 passing
2391 1944 46 27 the
2446 1944 91 27 South
2551 1944 73 28 Sand
2646 1943 89 32 Head,
2754 1943 97 28 bound

1946 1983 80 26 down
2040 1980 136 28 Channel.

1983 2017 215 31 PORTSMOUTH,
2219 2015 142 35 Febrnary
2374 2015 162 30 16.Wind
2563 2015 229 30 East.Arrived
2807 2015 46 28 the

1946 2054 120 30 Canada,
2078 2053 111 31 Parker,
2200 2052 70 28 from
2283 2052 206 34 Pernambuco;
2506 2052 56 28 and
2570 2052 137 34 Vigilant,
2720 2053 137 31 Christie,

1948 2092 70 27 from
2029 2089 165 35 Oaliopolio.
2216 2089 117 27 Remain
2343 2091 46 27 the
2404 2089 81 28 Doke
2494 2088 33 28 of
2536 2088 129 34 Bedford,
2679 2088 43 28 for
2733 2089 124 33 Madras,

1950 2127 115 34 waiting
2074 2125 43 30 for
2127 2134 170 28 passengers.

1988 2161 175 32 FALMOUTH,
2171 2161 66 27 Feb.
2252 2161 162 27 15.Wind
2448 2161 37 28 N.
2500 2161 190 27 E.Arrived
2713 2161 46 27 the
2778 2161 80 27 Duke

1954 2200 31 26 of
2001 2198 74 27 Kent
2094 2198 112 31 Packet,
2224 2197 69 27 from
2307 2197 112 32 Lisbon,
2428 2198 84 27 sailed
2525 2198 51 27 4th
2590 2198 104 26 instant
2704 2207 9 19 ;
2733 2197 126 31 Phenix,

1951 2233 151 33 Hamilton,
2113 2233 69 26 from
2197 2232 66 27 Port
2270 2241 33 19 au
2317 2232 106 34 Prince,
2431 2233 84 27 sailed
2524 2233 50 27 4th
2583 2233 83 33 inst.;
2683 2233 56 26 and
2750 2232 110 28 H.M.S.

1952 2269 137 30 Rinaldo,
2101 2270 44 26 for
2159 2268 187 28 Portsmouth.

2259 2297 8 1 _
2277 2297 11 1 _
2342 2297 13 1 _
2389 2297 7 1 _
2424 2297 8 1 _

1987 2306 177 32 LIVIRPOOL,
2179 2304 64 27 Feb.
2259 2303 174 28 15.Sailed
2447 2306 45 26 the
2505 2304 167 31 Alexander,
2681 2304 178 35 Weymouth,

1952 2342 44 27 for
2022 2341 87 28 Bahia
2120 2352 9 22 ;
2159 2341 83 31 Tom,
2267 2340 171 32 Dickenson,
2469 2342 43 26 for
2544 2341 189 27 Pernambuco
2746 2350 7 20 ;
2773 2340 87 32 Biota,

1955 2378 116 31 Arthur,
2081 2378 41 27 for
2134 2378 163 27 Idaranbam
2308 2387 8 22 ;
2339 2376 170 33 M'Burnett,
2531 2391 83 18 ,
2633 2378 43 26 for
2695 2376 167 32 Honduras;

1956 2414 76 26 Eliza
2041 2413 144 31 Plommer,
2198 2413 129 35 Forsyth,
2339 2412 43 27 for
2399 2412 139 32 Jamaica;
2557 2412 128 31 Vulture,
2700 2411 99 32 Coffin,
2819 2412 43 27 for

1954 2448 135 28 Havanna
2098 2460 8 20 ;
2133 2448 150 31 Diamond,
2307 2447 107 35 Macey.
2444 2448 44 26 for
2511 2448 67 27 New
2598 2447 76 27 York
2687 2457 7 21 ;
2715 2446 146 33 Franklin,

1954 2485 131 31 Graham,
2107 2484 44 28 for
2166 2484 164 32 Baltimore;
2352 2483 154 32 Hannibal,
2528 2484 92 31 Lowe,
2648 2483 44 27 for
2714 2481 148 38 Virginia;

1954 2522 52 27 and
2021 2520 84 37 Fairy
2117 2520 107 33 Queen,
2231 2520 110 32 Alston,
2349 2520 45 26 for
2406 2519 302 28 Gibraltar.Arrived
2720 2519 47 27 the
2779 2519 84 32 Jane,

1957 2557 100 31 Thom,
2078 2559 70 25 from
2174 2557 89 26 Bahia
2274 2567 8 21 ;
2314 2556 120 32 Martha,
2461 2556 66 33 Rae,
2552 2557 72 26 from
2650 2555 191 28 Pernambuco
2854 2565 8 22 ;

1958 2593 115 34 Utility.
2099 2593 149 30 Bleasdale,
2263 2593 70 26 from
2346 2593 161 26 Maratsham
2518 2603 8 21 ;
2557 2591 139 31 Aimwell,
2720 2591 143 31 Edwards,

1956 2628 70 28 from
2041 2623 67 33 Dem
2112 2637 77 18 erara
2199 2639 9 20 ;
2230 2627 144 31 Franklin,
2393 2627 137 31 Gardner.
2544 2627 70 31 from
2635 2626 67 27 New
2726 2626 137 32 Orleans;

1957 2663 119 28 William
2092 2663 53 27 and
2167 2663 84 31 Jane,
2275 2662 148 34 Baffling;
2453 2665 53 26 and
2536 2661 185 33 Wilhelmins,
2748 2662 115 32 Wilson,

1956 2701 69 27 from
2039 2699 165 33 Savannah;
2223 2699 124 34 Abigail,
2360 2699 138 34 Gardner;
2511 2700 53 28 and
2580 2699 84 33 Hero,
2676 2698 103 33 Potter,
2792 2698 70 28 from

1957 2737 170 27 Charleston
2139 2747 8 21 ;
2166 2735 92 31 Glide,
2280 2735 77 31 Saul,
2368 2735 71 27 from
2453 2737 106 27 Boston
2571 2746 11 22 ;
2598 2735 79 27 John
2698 2735 54 26 and
2772 2735 91 33 Alary,

1952 2773 99 26 IM.Lea
2063 2783 8 21 ;
2081 2772 52 26 and
2146 2771 167 31 Amanthen,
2328 2771 118 32 Rowett,
2459 2773 72 26 from
2544 2771 98 33 Sicily.

1990 2809 116 30 Cowes,
2120 2805 65 28 Feb.
2202 2806 194 27 16.Arrived
2409 2807 46 26 the
2470 2807 123 28 Lavinia,
2603 2806 94 33 Allen,
2717 2805 71 28 from
2809 2806 54 27 Rio

1954 2843 117 30 Janeiro
2081 2854 7 21 ;
2107 2842 54 28 and
2172 2841 158 34 Elizabeth,
2348 2842 111 33 Barnes,
2479 2844 71 27 from
2565 2843 102 28 Bahia.

1989 2913 48 28 Off
2056 2911 99 39 Scilly,
2167 2911 47 28 the
2233 2911 125 33 Blucher,
2466 2913 72 27 from
2551 2911 135 30 Jamaica.

1989 2950 151 31 PADSTOW,
2157 2949 64 28 Feb.
2237 2949 139 27 15.The
2398 2949 47 33 Po,
2461 2949 117 34 Billing,
2593 2950 71 26 from
2685 2948 133 35 Slawelly
2835 2952 30 24 to

1955 2986 98 37 Hoyle,
2069 2994 38 18 on
2127 2986 130 35 entering
2269 2985 56 27 this
2337 2989 72 31 port,
2428 2994 54 18 was
2502 2985 96 26 struck
2622 2985 38 35 by
2672 2994 17 15 a
2701 2993 54 24 sea,
2772 2983 92 27 which

1952 3022 109 27 washed
2082 3021 47 27 the
2152 3027 99 21 master
2264 3021 54 27 and
2329 3021 45 27 his
2385 3030 50 19 son
2447 3021 162 32 overboard,
2629 3021 57 27 and
2707 3020 67 27 both
2794 3028 70 19 were

1951 3057 143 30 drowned.

1987 3094 61 26 The
2060 3092 104 31 Union,
2184 3093 170 32 Ooodsman,
2370 3093 71 27 from
2467 3092 116 34 Bangor
2595 3096 28 24 to
2648 3091 141 34 Berwick,
2807 3100 57 20 was

1951 3130 94 30 driven
2055 3137 37 20 on
2101 3129 80 27 shore
2192 3138 35 18 on
2242 3130 47 26 the
2302 3129 54 27 Isle
2369 3130 31 26 of
2411 3129 69 34 Sky,
2492 3129 50 27 6th
2554 3129 65 27 inst.

1338 478 102 20 WELSH
1459 480 122 19 JUDGES.

1048 515 56 27 Mr.
1116 513 123 30 JONES
1253 511 97 28 moved
1372 511 43 30 for
1427 513 76 28 leave
1521 519 28 22 to
1570 513 83 38 bring
1665 514 30 27 in
1715 526 15 19 a
1743 516 53 28 bill
1819 523 30 22 to
1869 526 31 21 ex-

1006 552 69 26 tend
1095 552 50 26 the
1161 559 92 34 power
1272 548 33 28 of
1323 548 111 38 Judges
1455 552 28 26 in
1506 549 99 28 Wales.
1643 550 91 30 Leave
1753 562 56 19 was
1827 555 86 37 given

1005 588 54 26 and
1077 591 46 24 the
1137 586 54 27 Bill
1206 585 60 28 read
1286 593 17 20 a
1311 585 59 27 first
1382 587 73 28 time.

1042 622 47 28 Sir
1107 622 105 30 JOHN
1232 620 196 31 NEWPORT
1446 630 71 30 gave
1534 621 104 33 notice,
1657 622 64 30 that
1748 625 38 30 be
1813 626 100 30 shonld

1005 660 99 28 moved
1124 669 37 20 on
1181 659 149 37 Thursday
1348 665 67 24 next
1435 661 41 26 for
1501 659 77 28 leave
1593 664 30 24 to
1644 660 85 39 bring
1748 661 28 28 in
1814 673 17 19 a
1856 665 57 28 Bill

1004 702 28 22 to
1052 698 89 35 repeal
1160 697 47 28 the
1227 702 45 24 act
1285 698 32 26 of
1333 696 47 30 the
1396 697 64 28 21st
1476 696 33 28 of
1525 696 112 35 George
1658 698 51 33 11.,
1728 700 79 35 chap.
1827 702 26 32 8,
1873 711 28 19 re-

1005 735 138 34 straining
1165 736 47 25 the
1243 733 115 34 bishops
1383 733 33 27 of
1439 732 111 28 Ireland
1570 733 70 28 from
1658 735 188 39 diminishing
1866 739 48 27 the

1005 770 83 27 value
1106 770 32 27 of
1154 770 197 27 ecclesiastical
1372 768 145 34 dignities.

1280 820 135 21 CRUELTY
1434 821 35 19 TO
1488 821 145 22 NIMALS.

1041 866 54 27 Mr.
1115 865 34 28 R.
1169 863 158 27 MARTIN
1343 863 123 33 brought
1485 870 37 26 up
1540 872 15 19 a
1569 862 50 28 bill
1638 869 30 22 to
1685 868 97 28 amend
1802 878 35 19 an
1858 869 56 27 Act

1004 902 33 27 of
1051 902 46 27 the
1122 901 38 28 31
1189 901 32 26 of
1246 900 111 35 George
1382 898 63 34 IV..
1475 904 30 22 to
1535 906 116 30 prevent
1688 904 48 26 the
1767 904 141 39 improper

1005 943 144 25 treatment
1168 937 33 27 of
1214 935 91 30 cattle.
1345 935 25 27 It
1383 945 52 18 was
1450 935 64 27 read
1532 946 15 17 a
1566 935 58 28 first
1637 937 74 33 time,
1724 943 56 26 and
1791 943 119 27 ordered

1005 980 27 21 to
1044 976 33 26 he
1091 976 64 26 read
1168 983 17 19 a
1194 972 100 28 second
1305 973 117 30 Comp)
1435 973 48 26 the
1501 972 60 28 first
1579 973 32 26 of
1622 973 111 30 March.

1038 1011 61 28 The
1111 1012 83 26 other
1211 1007 94 30 orders
1318 1009 32 27 of
1364 1007 48 27 the
1422 1009 56 35 day
1496 1017 70 19 were
1579 1010 65 28 then
1658 1010 130 38 disposed
1807 1015 38 32 of,
1858 1015 53 27 and

1004 1048 46 27 the
1061 1046 91 27 House
1162 1045 151 35 adjourned
1325 1049 28 24 at
1364 1050 28 22 at
1404 1054 17 18 a
1431 1050 116 31 quarter
1567 1051 30 21 to
1619 1046 64 27 nine
1696 1049 124 28 o'clock.

1390 1139 126 26 MAILS.

1049 1224 18 24 SI
1131 1220 98 26 Dublin.

1846 1227 19 22 0

1050 1257 18 24 2
1084 1253 239 26 ...Waterford...
1331 1259 46 20 ..0
1518 1254 202 27 o....Hembro
1847 1261 19 24 9

1056 1289 100 24 1....0
1168 1289 22 24 &
1200 1287 177 33 Jersey....o
1528 1289 11 26 1
1547 1289 162 26 ....France
1848 1296 19 21 tO

1054 1320 73 25 1....
1135 1320 98 25 Lisbon
1365 1323 18 24 0
1526 1324 18 22 0
1578 1339 8 7 .
1609 1323 126 26 Flanders
1837 1328 30 22 .O

1051 1354 18 24 0
1088 1354 209 31 ...Gottenberg
1307 1354 74 26 ....1
1447 1382 6 4 .
1522 1357 80 22 0....
1607 1356 85 25 Malta
1793 1376 8 8 .
1822 1359 43 25 .:0

1326 1193 70 22 DVY.
1487 1192 70 19 ARR.

1349 1222 30 24 .0
1515 1219 18 24 0
1553 1235 7 7 .
1598 1220 118 28 Holland

1814 1198 67 21 DVI.

1277 1428 115 30 PRICE
1411 1430 51 27 OF
1482 1430 158 28 STOCKS.

1005 1466 72 31 Blink
1088 1472 80 25 Stock
1357 1475 65 31 2374
1436 1475 6 33 I
1457 1476 66 25 New
1535 1476 18 25 4
1564 1483 45 25 per
1618 1478 77 26 Cent.
1723 1493 41 9 ...
1788 1478 20 25 11
1819 1479 17 25 7
1852 1478 20 26 I(

1002 1505 17 25 2
1035 1512 46 24 per
1089 1506 73 25 Cent.
1181 1506 172 27 Reduced....
1376 1509 32 25 92
1457 1509 76 32 Long
1543 1509 136 26 Annuities
1697 1527 58 8 ....
1775 1509 48 33 221
1841 1508 73 34 7.101

1003 1539 15 24 2
1037 1545 44 24 per
1090 1540 73 24 Cent.
1175 1540 175 26 Consols....
1358 1543 65 32 0111
1437 1543 6 32 I
1460 1543 73 25 India
1553 1544 90 25 Ronda

1002 1570 21 71 1
1023 1570 45 71 34
1069 1578 60 24 per
1130 1573 314 25 Cent.

1002 1604 17 24 4
1025 1610 46 24 per
1083 1606 85 25 Cent..
1188 1622 58 9 ....
1279 1607 145 33 ....10234
1460 1609 112 25 Consols
1600 1610 41 24 for
1664 1610 116 25 Account
1817 1609 97 32 911111

2272 3220 109 27 WEST
2400 3221 143 26 INDIES.

2172 3312 124 30 TRIAL
2311 3311 52 30 OF
2381 3311 80 28 THE
2483 3311 162 30 REBELS.

1985 3357 398 33 KmosToN,Dsc.2B.The
2395 3356 146 37 following
2556 3357 85 27 slaves
2654 3365 69 19 were
2735 3357 122 37 charged

1951 3396 65 28 with
2030 3396 84 35 being
2126 3394 157 27 concerned
2293 3393 30 27 in
2337 3392 146 30 rebellious
2496 3393 185 35 conspiracies
2700 3393 56 27 and
2783 3402 58 19 com-

1950 3431 116 34 mitting
2076 3432 80 25 other
2165 3431 110 30 crimes,
2288 3435 27 21 to
2328 3429 47 27 the
2404 3430 61 26 ruin
2491 3429 56 27 and
2572 3430 174 27 destruction
2759 3429 32 27 of
2811 3430 47 27 the

1950 3467 85 27 white
2047 3467 106 37 people,
2172 3467 57 27 and
2251 3467 96 26 others

2357 3464 43 33 .of
2411 3465 54 28 this
2479 3465 100 32 island,
2600 3468 53 25 and
2678 3465 43 27 for
2733 3464 124 34 causing,

1949 3502 131 38 exciting,
2100 3504 54 26 and
2178 3502 162 37 promoting
2361 3502 96 27 others
2481 3502 126 33 thereto;
2627 3501 53 30 and
2706 3501 44 28 for
2772 3501 85 38 being

1950 3540 152 27 concerned
2115 3540 30 26 in
2164 3539 144 33 rebellion,
2329 3539 54 27 and
2395 3539 151 35 designing
2557 3544 27 21 to
2598 3539 115 27 commit
2739 3539 118 32 murder,

1949 3574 102 38 felony,
2074 3575 143 38 burglary,
2242 3576 54 27 and
2322 3580 30 22 to
2369 3580 40 24 set
2433 3575 48 28 fire
2507 3580 28 22 to
2559 3576 102 27 certain
2678 3576 107 31 houses,
2807 3580 50 22 out

1950 3612 107 33 houses,
2074 3613 54 26 and
2160 3612 176 37 compassing
2354 3612 56 27 and
2437 3612 156 38 imagining
2607 3614 47 25 the
2670 3612 83 27 death
2769 3612 31 25 of
2809 3614 48 25 the

1950 3648 81 27 white
2049 3650 96 38 people
2166 3650 28 26 in
2222 3648 48 27 the
2294 3648 59 27 said
2379 3648 105 37 parish.
2518 3648 81 35 They
2615 3657 69 19 were
2706 3647 38 28 all
2767 3647 87 28 found

1949 3685 90 37 guilty
2056 3687 53 26 and
2121 3684 146 28 sentenced
2282 3689 28 24 to
2324 3685 33 26 be
2367 3685 118 37 hanged.

1984 3722 94 38 Henry
2093 3722 98 32 Nibbs,
2211 3728 28 21 to
2258 3722 31 28 J.
2304 3720 118 32 Walker,
2450 3720 187 39 Esq.Value
2646 3722 56 27 501.
2739 3720 117 28 Charles

1950 3758 111 33 Brown,
2074 3764 27 22 to
2117 3758 126 28 Frontier
2263 3757 228 30 Estate.Value
2505 3758 72 28 1001.
2613 3758 94 28 James
2720 3758 136 35 Sterling.

1950 3801 27 22 to
2001 3795 206 30 ditto.Value
2226 3795 57 28 651.
2320 3795 115 28 Charles
2459 3795 124 33 Watson,
2596 3801 30 24 to
2646 3794 208 30 ditto.Value

1948 3833 54 28 801.
2040 3833 116 37 Rodney
2167 3831 181 33 Wellington,
2361 3839 27 20 to
2404 3833 174 32 ditto.-70i.
2616 3831 123 28 William
2759 3831 76 27 Mont-

1948 3879 125 26 gomery.
2091 3875 30 21 to
2131 3867 206 30 ditto.Value
2350 3868 70 28 1001.
2443 3868 120 28 Richard
2572 3868 109 33 Cosley,
2696 3873 28 24 to
2737 3868 119 28 ditto.

1949 3905 87 28 Value
2053 3905 67 27 1001.
2159 3905 104 26 Morris
2275 3904 92 33 Henry
2391 3911 28 20 to
2432 3905 208 28 ditto.Value
2650 3905 59 27 901.

1983 3941 45 27 On
2042 3941 72 27 their
2126 3940 113 27 defence
2257 3939 65 37 they
2334 3940 99 28 denied
2446 3943 48 27 the
2512 3940 113 35 charge.
2643 3939 52 30 and
2711 3939 59 28 said
2787 3939 66 37 they

1950 3986 72 20 were
2035 3977 60 28 well
2107 3976 65 28 used
2185 3976 54 27 and
2254 3976 120 34 clothed,
2393 3977 54 30 and
2472 3986 71 19 were
2559 3978 77 38 quite
2654 3977 102 38 happy.
2791 3977 63 26 One

1948 4016 32 27 of
1989 4016 84 32 them,
2093 4013 112 30 Charles
2218 4013 122 33 %Vatson,
2375 4015 129 28 declared
2524 4016 61 26 that
2601 4015 35 27 he
2648 4023 52 19 was
2714 4022 80 20 never
2807 4023 46 28 pu

1949 4054 98 27 nisbed
2060 4055 28 26 in
2102 4052 43 27 his
2156 4051 47 28 life
2213 4062 7 22 ;
2241 4052 61 26 that
2315 4057 78 30 great
2406 4057 71 24 trust
2491 4061 56 20 was
2558 4057 50 32 put
2619 4051 30 28 in
2662 4051 69 33 him,
2754 4051 52 27 and
2820 4054 33 25 he

1948 4097 57 20 was
2015 4100 28 18 as
2057 4089 60 28 well
2127 4089 41 27 off
2173 4098 30 17 as
2216 4088 25 27 if
2254 4088 34 27 he
2297 4097 54 19 was
2360 4089 61 28 free.

1983 4126 61 28 The
2063 4127 89 28 above
2165 4124 118 35 culprits
2296 4134 69 19 were
2375 4126 132 28 executed
2523 4129 28 24 at
2565 4122 180 33 Port-Maria,
2761 4122 30 30 in
2805 4123 48 28 the

1949 4169 71 20 most
2040 4163 103 28 solemn
2167 4160 53 31 and
2245 4161 159 38 impressive
2422 4172 123 22 manner,
2563 4169 38 20 on
2628 4160 180 38 Wednesday,
2824 4160 30 28 in

1949 4207 151 28 pursuance
2109 4200 32 26 of
2156 4198 44 28 Ms
2211 4198 112 28 brace's
2336 4205 125 21 warrant.

1985 4235 81 27 From
2080 4237 47 26 the
2138 4235 136 30 evidence,
2291 4235 24 27 it
2328 4234 133 35 appeared
2473 4232 106 38 beyond
2593 4232 48 28 the
2653 4232 113 27 shadow
2785 4231 32 28 of
2838 4241 17 18 a

1949 4270 98 31 doubt,
2066 4274 59 25 that
2137 4272 66 34 they
2213 4270 133 33 designed
2361 4276 27 22 to
2398 4270 96 28 setfire
2506 4277 28 19 to
2549 4270 126 26 Frontier
2687 4269 109 31 Works,
2809 4269 31 25 ad-

1944 4306 112 35 joining
2081 4306 178 33 Port-Maria,
2278 4306 56 28 and
2357 4312 28 21 to
2413 4306 117 27 butcher
2550 4306 46 26 the
2622 4303 96 27 whit..s
2731 4303 54 27 and
2798 4303 57 26 free

1949 4351 115 27 persons
2075 4345 32 26 of
2115 4343 102 32 colour,
2236 4352 30 18 as
2278 4344 66 37 they
2357 4351 74 19 came
2446 4341 195 35 toextinguish
2655 4339 47 28 the
2720 4341 59 31 fire,
2790 4341 65 27 then

1949 4384 27 22 to
1987 4381 165 26 comedown
2165 4381 28 26 in
2204 4381 47 27 the
2263 4385 85 27 town,
2367 4380 53 27 and
2434 4378 64 27 take
2511 4375 31 38 po
2588 4375 17 38 .
2620 4375 46 38 ion
2678 4376 32 26 of
2720 4376 32 32 it,
2773 4375 81 28 while

1949 4423 15 19 a
1976 4415 178 30 detachment
2167 4417 90 27 seised
2270 4417 47 26 the
2329 4413 221 34 fort.(Public
2558 4413 191 33 Advertiser.)

1983 4518 63 28 The
2070 4518 146 37 Speaker's
2239 4515 221 34 Parliamentary
2479 4514 103 28 Levees
2611 4513 43 30 for
2675 4512 51 30 the
2744 4518 111 32 present

1949 4554 131 28 Sessions
2094 4556 56 27 will
2161 4561 155 20 commence
2328 4561 37 18 on
2379 4551 137 37 Saturday
2529 4556 74 27 next,
2623 4552 47 25 the
2688 4550 63 28 21st
2769 4551 69 27 inst.

1984 4590 156 34 Yesterday
2159 4589 45 27 the
2222 4589 74 27 Lord
2315 4587 100 37 Mayor
2452 4586 56 27 had
2539 4596 18 18 a
2576 4591 80 31 party
2673 4587 33 25 of
2727 4587 76 34 forty
2820 4592 31 21 to

1949 4624 97 27 dinner
2063 4629 30 22 at
2111 4624 48 27 the
2179 4623 130 27 Mansion
2317 4622 103 28 House.
2459 4622 51 27 His
2519 4622 139 35 Lordship
2673 4622 51 26 has
2735 4622 118 27 another

1950 4661 77 39 large
2043 4659 99 27 dinner
2154 4663 80 32 party
2248 4657 59 28 this
2317 4658 64 38 day.

1984 4700 25 24 A
2035 4695 78 28 letter
2130 4696 30 27 in
2185 4695 46 27 the
2250 4694 155 39 Liverpool
2427 4694 138 39 Mercury
2594 4698 83 24 states
2707 4694 61 27 that
2796 4693 56 27 Mr.

1950 4733 102 32 Smith,
2069 4731 48 27 the
2130 4733 177 34 Missionary,
2327 4733 50 27 has
2387 4731 70 27 been
2466 4731 72 28 tried
2557 4730 53 28 and
2631 4729 171 30 condemned
2816 4739 35 18 on

1949 4776 34 19 an
2001 4773 106 32 ex-post
2120 4768 73 27 facto
2213 4767 63 30 law.
2311 4768 63 28 The
2392 4768 93 27 writer
2503 4776 63 27 says
2584 4767 47 27 the
2649 4766 96 37 public
2760 4766 92 34 ought

1949 4809 27 21 to
1996 4805 80 26 know
2094 4806 60 25 that
2172 4805 30 26 in
2218 4804 135 35 bringing
2373 4804 58 27 him
2443 4804 30 27 in
2485 4804 93 35 guilty
2591 4802 32 27 of
2634 4804 47 25 the
2694 4801 106 33 charge
2817 4800 33 27 of

1951 4839 135 39 knowing
2105 4840 45 30 the
2164 4841 154 28 intentions
2335 4840 31 30 of
2378 4840 48 28 the
2445 4848 124 27 negroes,
2589 4837 56 30 and
2659 4835 191 39 withholding

1950 4878 46 26 the
2009 4877 176 30 information
2210 4878 71 28 from
2303 4879 198 30 Government,
2523 4877 34 27 be
2578 4884 53 19 was
2646 4873 207 30 recommended

1950 4917 26 22 to
1989 4922 104 28 mercy,
2100 4923 38 19 on
2157 4916 46 26 the
2211 4922 78 20 score
2300 4916 35 27 of
2349 4915 48 27 the
2414 4923 78 19 error
2503 4912 86 37 being
2596 4919 54 19 one
2661 4911 33 27 of
2699 4910 151 38 judgment

1951 4948 78 35 only,
2047 4951 53 26 and
2109 4955 50 24 not
2169 4950 32 27 of
2210 4951 111 35 design.

1983 4983 45 37 By
2042 4984 93 28 letters
2152 4987 119 27 received
2290 4985 143 38 yesterday
2456 4985 73 27 from
2546 4982 99 31 Bahia,
2669 4981 34 28 of
2717 4981 48 28 the
2786 4981 64 32 17th

1946 5020 32 26 of
1989 5020 158 33 December,
2165 5022 22 27 it
2193 5030 125 28 appears,
2328 5022 61 27 that
2400 5021 109 35 though
2519 5028 37 18 on
2576 5020 47 26 the
2643 5017 100 28 arrival
2760 5017 33 28 of
2811 5019 28 26 in-

1944 5055 151 35 telligence
2107 5057 32 26 of
2163 5059 48 26 the
2230 5063 96 22 events
2342 5063 30 21 at
2391 5057 54 27 Rio
2457 5057 34 26 de
2502 5055 129 30 Janeiro,
2647 5062 15 18 a
2680 5056 105 32 protest
2798 5061 54 19 was

1945 5092 130 35 prepared
2087 5092 54 26 and
2157 5092 98 37 signed
2275 5093 37 35 by
2328 5093 105 28 several
2452 5089 183 32 individuals,
2656 5088 156 41 expressive
2824 5089 31 27 of

1945 5127 73 27 their
2028 5126 224 37 disapprobation
2263 5128 89 28 oldie
2361 5128 157 37 Emperor's
2530 5125 118 30 conduct
2657 5124 30 28 I.
2695 5124 158 35 dissolving

1948 5163 47 27 the
2009 5161 167 37 Legislative
2187 5163 158 40 Assembly,
2381 5166 78 26 there
2484 5171 54 19 was
2557 5170 32 19 so
2608 5166 98 30 strong
2732 5170 17 18 a
2772 5167 80 30 party

1946 5198 124 37 existing
2083 5198 78 28 there
2172 5199 129 37 disposed
2320 5207 30 24 to
2372 5202 103 27 adhere
2497 5204 28 22 to
2543 5198 48 28 the
2613 5196 135 38 Emperor
2765 5197 89 28 under

1944 5244 54 27 any
2021 5235 217 33 circumstances,
2265 5238 63 30 that
2357 5238 24 28 it
2402 5246 56 19 was
2485 5235 133 38 probable
2648 5233 50 28 the
2720 5235 118 38 tranquil-

1944 5272 53 34 lity
2009 5271 32 26 of
2049 5271 47 27 the
2108 5271 78 34 place
2199 5274 91 27 would
2298 5274 33 28 be
2343 5274 155 37 preserved.

1981 5307 182 27 FIRE.Tbe
2186 5308 233 37 neighbourhood
2428 5308 31 28 of
2476 5306 175 30 Pentonville
2665 5314 54 19 was
2728 5314 37 19 on
2779 5306 54 28 Sun-

1944 5342 53 37 day
2010 5343 93 35 night,
2133 5342 84 28 about
2237 5346 154 37 midnight,
2418 5344 110 27 thrown
2554 5342 61 27 into
2637 5342 143 28 confusion
2794 5342 56 27 and

1944 5379 97 30 alarm,
2062 5378 37 34 by
2112 5379 47 26 the
2181 5379 143 39 discovery
2337 5380 32 28 of
2380 5389 17 17 a
2407 5379 52 27 fire
2474 5379 30 26 in
2518 5378 47 27 the
2577 5378 72 27 back
2675 5378 175 27 warehouses

1946 5413 151 32 belonging
2112 5418 27 21 to
2153 5413 56 28 Mr.
2223 5417 146 31 Scrodder,
2380 5418 33 25 of
2427 5414 45 31 64,
2486 5413 91 31 White
2590 5413 180 31 Lion-street,
2783 5412 52 27 Pen-

1945 5448 122 27 tonville.
2107 5448 44 25 An
2174 5450 85 27 alarm
2274 5459 56 19 was
2353 5450 188 35 immediately
2563 5450 93 34 given,
2674 5448 54 27 and
2750 5448 48 27 the
2810 5447 27 27 in-

1945 5489 84 24 mates
2041 5483 170 38 fortunately
2220 5486 115 35 escaped
2357 5486 106 27 unhurt
2476 5496 8 22 ;
2504 5484 51 28 bat
2564 5485 97 37 owing
2673 5489 28 24 to
2713 5484 47 27 the
2772 5483 77 37 rapid

1945 5529 129 28 progress
2087 5519 33 26 of
2126 5518 47 27 the
2186 5520 227 39 fiamrs,scarcely
2424 5530 56 28 any
2492 5525 129 34 property
2634 5529 53 20 was
2695 5519 152 37 preserved.

1945 5557 57 27 The
2015 5555 47 27 fire
2075 5562 67 19 soon
2165 5559 220 27 communicated
2396 5564 28 22 to
2446 5567 73 20 some
2542 5557 204 34 out-buildings
2759 5555 28 27 in
2800 5555 48 26 the

1945 5602 69 24 rear,
2030 5590 155 35 belonging
2198 5596 27 22 to
2237 5594 46 26 the
2302 5594 141 38 cow-yard
2454 5594 32 27 of
2500 5603 18 18 a
2530 5594 57 30 Mr.
2598 5591 132 32 Oldfield,
2750 5590 54 28 and
2817 5590 28 27 in

1974 5629 79 26 short
2065 5627 66 26 time
2140 5626 85 33 these,
2235 5629 65 26 with
2310 5631 47 27 the
2367 5631 87 26 entire
2464 5629 131 37 premises
2603 5630 33 26 of
2647 5629 53 26 Mr.
2709 5626 137 28 Scrodder

1949 5672 67 20 were
2024 5660 116 30 reduced
2156 5666 28 20 to
2197 5669 52 19 one
2259 5663 220 30 indiscriminate
2491 5673 71 19 mass
2574 5666 33 26 of
2619 5665 84 27 ruins.
2727 5661 60 27 The
2799 5668 31 19 en-

1945 5702 79 34 gines
2035 5698 37 35 by
2083 5695 57 28 this
2152 5696 65 27 time
2224 5698 90 34 began
2326 5705 28 22 to
2367 5711 69 26 poor
2446 5705 38 30 in,
2492 5700 56 30 and
2559 5701 47 28 the
2619 5696 132 40 powerful
2761 5695 44 28 aid
2816 5696 31 26 of

1945 5737 48 27 the
2004 5734 112 28 firemen
2137 5739 69 19 soon
2228 5734 94 34 stayed
2340 5737 47 26 the
2409 5745 129 31 progress
2562 5738 33 26 of
2608 5738 48 27 the
2678 5737 57 28 fire,
2753 5731 89 28 which

1945 5772 83 27 about
2041 5769 52 40 four
2093 5769 14 40 .
2124 5766 116 33 o'clock,
2270 5777 54 19 was
2336 5770 116 39 happily
2472 5778 33 31 go
2505 5778 18 31 t
2535 5773 34 27 un
2569 5773 18 27 d
2587 5773 35 27 er
2634 5772 112 28 without
2754 5767 90 37 doing

1946 5806 104 28 further
2073 5812 24 17 m
2101 5803 6 26 i
2112 5804 44 25 sch
2160 5802 44 27 ief.
2255 5802 48 27 We
2326 5807 168 28 understand
2513 5809 48 28 the
2583 5809 130 37 premises
2733 5804 34 31 of
2783 5803 56 28 Mr.

1950 5839 135 32 Scrodder
2099 5838 197 28 wereinfored.

3079 306 196 31 SPORTING
3294 309 300 33 INTELLIGENCE.

3011 390 159 31 BETTING
3185 397 6 25 AT
3193 397 328 33 ATTATTERSALL's,
3539 399 66 26 FEB.
3625 403 37 26 16.
3693 410 21 22 iip

2915 458 288 33 RIDDLUWORTII.-5
3210 472 28 20 to
3255 471 17 22 4
3281 475 59 27 agst
3359 471 188 26 Reformer-4
3567 475 27 22 to
3620 474 8 24 I
3654 480 59 26 agst
3738 478 51 24 Re.

2883 489 129 28 bacca-6
3020 498 28 20 to
3065 496 8 22 I
3087 501 58 25 agst
3157 498 190 30 Katherine-8
3358 509 27 20 to
3405 506 9 24 I
3430 509 58 28 agst
3501 506 58 24 Don
3580 506 102 26 Carlos.

2915 531 168 27 DERBT.-9
3092 539 27 21 to
3131 539 17 22 2
3157 543 59 22 agst
3227 541 132 28 Swiss-8
3369 549 27 21 to
3411 547 9 24 I
3435 550 60 28 agat
3514 546 204 28 Reformer-12
3725 553 28 21 to
3774 552 9 24 t

2881 568 61 28 egg
2955 566 244 30 Grenadier-13
3217 575 28 21 to
3260 575 8 22 I
3282 581 58 25 agst
3351 578 181 27 Osmond-14
3542 583 27 21 to
3582 580 8 25 1
3606 583 60 27 agst
3676 580 113 33 Jessy

2884 598 30 25 lb
2929 601 28 21 to
2979 598 9 25 I
3002 604 59 26 agst
3063 598 2 45 .
3078 600 215 30 Ridicule-20
3313 612 26 21 to
3363 611 8 25 I
3384 617 59 26 agat
3463 613 58 25 Don
3542 613 162 26 Carlos-23
3724 618 28 21 to

2880 634 61 27 agst
2950 630 86 34 Horly
3054 633 146 35 Burly-30
3219 640 28 22 to
3273 640 8 22 1
3311 647 59 26 agst
3389 645 188 28 CressidaSO
3593 651 27 21 to
3645 648 9 25 I
3674 651 60 30 &gat
3745 648 46 25 Sir

2880 665 141 31 Gray-40
3028 669 27 22 to
3072 669 8 24 I
3096 669 235 30 Carbonaro-100
3340 679 26 20 to
3383 676 9 25 I
3405 681 59 26 aim
3475 680 151 27 Austerlitz.

2913 697 136 28 Osits.-4
3057 704 28 21 to
3099 702 9 25 I
3119 705 46 28 agt
3177 702 200 31 RebeccaOto
3391 709 7 24 1
3411 715 59 26 agst
3483 713 83 25 Sister
3575 718 27 20 to
3614 715 139 25 Sallor-7
3763 717 28 21 to

2884 731 11 25 1
2909 733 60 27 agst
2979 731 182 27 Barrosa-14
3172 739 28 19 to
3216 736 8 24 1
3240 741 59 26 agst
3312 737 139 33 Filagree.

2911 763 165 26 DONCASTER
3099 767 50 25 ST.
3162 767 171 26 LEORR.-10
3357 774 27 20 to
3405 772 9 22 1
3439 778 58 25 agst
3509 775 209 27 Altisidors-10
3738 782 26 20 to
3778 778 11 24 I

2878 798 60 27 agst
2948 795 149 27 SwisslB
3111 801 30 21 to
3164 798 9 24 I
3197 802 60 27 agst
3274 800 187 30 Rosanne-23
3477 810 26 20 to
3520 808 8 24 I
3549 811 59 27 agst
3620 810 151 25 Reformer-

2877 828 35 25 -26
2928 830 28 21 to
2976 827 9 25 1
2998 833 58 26 agst
3069 830 198 32 Equity--23
3274 835 27 21 to
3326 833 7 25 I
3359 840 59 26 agst
3430 837 125 31 Elephant
3557 844 97 21 -2S
3665 848 27 19 to
3711 844 7 24 I
3730 847 61 25 agst

2878 859 158 27 Trullt-28
3046 865 28 26 to
3087 865 9 24 I
3117 867 60 30 agst
3187 865 213 28 Streatham-40
3410 872 27 22 to
3451 870 9 24 I
3475 875 59 27 agst
3541 872 113 27 loa-60
3665 879 27 22 to
3706 878 9 24 I
3730 880 61 30 agst

2880 893 184 30 Confederate.

2919 957 285 32 BOXERII.-.SPRING
3230 970 64 20 AND
3319 963 216 31 LANGAN.-Of
3546 967 46 27 the
3614 976 59 22 ast
3687 980 83 21 anew-

2882 993 94 38 blagea
2992 1004 76 30 opon
3085 1006 58 27 goy
3156 999 128 35 sporting
3296 998 110 38 subject
3424 1002 96 26 within
3540 1011 52 19 our
3604 1006 188 34 recollection.

2883 1031 119 33 nothing
3014 1033 137 26 exceeded
3177 1035 61 26 that
3255 1036 87 27 which
3358 1045 51 18 our
3430 1037 150 28 informant
3601 1046 54 20 met
3671 1042 67 26 with
3763 1049 30 22 at

2884 1067 138 27 Beicher's
3035 1068 54 27 last
3118 1069 93 35 night.
3248 1071 100 27 Talent
3371 1072 31 26 of
3419 1081 80 28 every
3520 1078 58 22 sort
3591 1076 56 26 and
3669 1077 56 27 size
3738 1085 56 20 was

2882 1103 78 27 there
2973 1104 150 27 assembled
3138 1114 72 27 upon
3235 1106 47 27 the
3313 1108 85 35 tiptoe
3429 1109 33 26 of
3477 1111 175 33 expectation
3679 1111 43 27 for
3744 1114 50 25 the

2882 1139 117 35 making
3008 1149 17 18 a
3035 1141 102 26 second
3150 1142 92 27 match
3257 1143 122 27 between
3406 1144 107 34 Spring
3535 1149 53 24 and
3604 1148 128 32 Langan.
3751 1148 43 27 for

2882 1173 48 28 five
2946 1175 124 28 hundred
3084 1178 171 35 sovereigns,
3268 1187 35 18 on
3326 1179 46 27 the
3390 1183 83 24 terms
3495 1182 87 27 stated
3595 1183 27 26 in
3635 1191 52 19 our
3706 1192 87 28 paper

2882 1209 33 27 of
2923 1209 139 38 Saturday
3076 1212 61 30 last.
3175 1214 25 26 A
3220 1215 145 35 sovereign
3379 1217 67 26 each
3467 1224 54 19 was
3542 1218 66 37 only
3620 1220 107 32 staked,
3738 1219 58 30 and

2883 1246 105 28 neither
3001 1248 32 27 of
3045 1248 46 27 the
3105 1258 60 18 men
3178 1250 144 38 appeared.
3358 1251 60 28 The
3436 1252 124 30 hundred
3575 1256 109 34 pounds
3698 1265 34 19 on
3746 1256 50 27 the

2882 1287 63 30 part
2959 1284 32 26 of
3001 1284 117 37 Langan
3131 1294 54 20 was
3202 1286 91 37 ready,
3315 1289 53 26 and
3396 1287 103 27 offered
3517 1294 27 21 to
3559 1292 34 25 be
3605 1291 96 28 stakad
3723 1292 37 35 by
3780 1302 18 18 a

2883 1317 171 35 Sportsman,
3070 1322 61 25 who
3142 1322 65 37 paid
3221 1332 80 26 every
3311 1324 181 33 compliment
3503 1331 28 22 to
3547 1326 48 27 the
3609 1328 144 28 mlohood
3765 1328 33 28 of

2884 1352 117 37 Spring.
3038 1355 116 30 Neither
3171 1358 32 25 of
3222 1358 47 27 the
3282 1367 63 19 MOD
3359 1359 158 37 appearing,
3536 1362 54 26 and
3613 1370 74 20 more
3699 1363 69 27 than

2883 1389 136 28 thousand
3038 1400 113 26 persons
3164 1393 85 34 being
3262 1400 123 31 present,
3402 1404 74 18 some
3495 1397 123 27 clamour
3640 1398 111 27 seemed
3763 1404 31 21 to

2883 1424 33 27 be
2928 1426 118 37 arising.
3085 1427 119 30 Belcher
3215 1429 112 28 showed
3357 1431 47 26 the
3424 1431 120 34 articles,
3556 1433 91 28 which
3664 1443 39 19 we
3724 1435 72 28 have

2882 1460 115 39 already
3009 1463 162 33 published,
3184 1465 53 28 and
3263 1467 48 28 the
3333 1476 136 28 company
3490 1478 71 20 were
3586 1470 133 28 informed
3735 1472 63 28 that

2885 1496 138 39 Langan's
3037 1500 116 28 absence
3171 1511 77 20 arose
3263 1504 70 27 from
3359 1505 183 31 unavoidable
3561 1507 226 30 circumstances.

2883 1533 59 28 The
2961 1545 135 28 company
3107 1546 70 20 were
3187 1539 128 30 satisfied.

3007 1622 231 32 MIDDLESEX
3259 1623 305 31 SESSIONS.Tnt
3575 1626 73 28 Day.

3263 1672 150 20 .........

2920 1716 78 30 JAR
3014 1716 143 28 Williams
3170 1722 56 20 was
3235 1713 122 28 indicted
3366 1713 43 27 for
3417 1714 157 38 assaulting
3667 1714 30 28 M
3705 1724 96 27 organ

2887 1762 34 20 an
2942 1754 93 30 officer
3046 1753 33 26 of
3090 1752 97 35 police.

2922 1791 61 27 The
3006 1789 176 38 prosecution
3206 1796 52 18 was
3281 1786 144 28 instituted
3451 1786 38 37 by
3509 1786 48 30 the
3581 1787 117 28 London
3716 1788 84 28 Dock

2887 1827 161 37 Company,
3070 1834 30 18 as
3123 1824 24 28 it
3169 1822 130 30 involved
3324 1832 15 18 a
3361 1824 128 38 question
3509 1833 30 17 as
3557 1828 28 22 to
3607 1825 46 27 the
3679 1824 78 38 right
3770 1825 33 31 of

2888 1864 200 37 thoroughfare
3104 1861 122 34 through
3246 1860 105 28 certain
3361 1867 77 28 parts
3451 1861 32 26 of
3493 1861 46 27 the
3548 1861 90 27 Dock.
3673 1860 64 28 The
3751 1861 31 28 de-

2888 1899 113 27 fendant
3018 1907 56 17 was
3087 1898 124 33 walking
3229 1906 65 17 over
3305 1905 17 17 a
3332 1897 109 33 private
3451 1902 60 31 part
3529 1897 32 26 of
3573 1899 47 25 the
3633 1896 81 30 Dock
3729 1898 71 28 with

2888 1939 54 22 two
2954 1933 118 27 bundles
3089 1932 30 27 in
3133 1933 44 26 his
3190 1933 87 28 hand,
3298 1932 54 27 and
3366 1941 54 18 was
3441 1932 125 34 stopped,
3579 1931 48 28 but
3643 1933 34 26 he
3691 1932 110 30 refused

2889 1975 28 24 to
2940 1970 63 34 give
3020 1977 56 28 any
3098 1972 118 22 account
3233 1968 31 26 of
3283 1967 122 32 himself,
3430 1967 54 28 and
3509 1977 54 18 was
3588 1969 100 32 seized,
3711 1968 57 28 and
3780 1980 19 19 a

2889 2006 92 30 scuffle
2994 2004 111 31 ensued,
3119 2004 28 27 in
3159 2004 89 27 which
3257 2003 47 28 the
3317 2004 106 27 assault
3441 2013 54 19 was
3508 2007 171 27 committed.

2924 2044 61 26 The
3005 2042 113 27 defence
3138 2049 66 22 was,
3227 2040 61 28 that
3307 2040 47 26 the
3374 2040 150 27 defendant
3548 2050 56 18 was
3614 2044 143 38 wantonly
3765 2050 32 24 at

2890 2079 110 33 tacked,
3019 2078 53 28 and
3093 2076 56 27 bad
3163 2076 66 37 only
3242 2076 112 27 resisted
3371 2082 27 21 to
3411 2085 63 19 save
3501 2076 44 28 his
3566 2078 47 28 life
3626 2089 7 22 ;
3652 2082 66 27 such
3744 2091 57 20 was

2890 2117 45 27 the
2947 2117 122 32 violence
3080 2112 33 30 of
3124 2112 46 28 the
3184 2113 120 27 conduct
3319 2113 32 27 of
3360 2114 48 27 the
3423 2112 116 31 officers.

2926 2153 53 28 Mr.
2991 2152 102 26 ALLEY
3102 2148 146 27 addressed
3268 2148 46 27 the
3333 2150 89 26 Court
3439 2150 30 28 in
3490 2148 45 28 his
3548 2150 103 33 behalf,
3671 2151 53 28 and
3741 2151 56 30 Mr.

2891 2189 77 27 Laer.
2991 2189 44 26 for
3070 2186 47 27 the
3139 2185 187 35 prosecution,
3352 2183 170 38 contending
3542 2186 63 27 that
3628 2190 48 25 the
3693 2187 107 27 officers

2891 2223 51 30 bad
2952 2233 18 17 a
2981 2223 78 33 right
3070 2226 28 21 to
3111 2220 94 27 detain
3219 2219 47 27 the
3279 2229 74 18 man.

2924 2259 63 28 The
2995 2259 72 35 Jury
3084 2258 125 26 however
3222 2257 136 35 acquitted
3372 2257 57 27 him
3439 2267 9 21 ;
3467 2255 53 30 and
3535 2257 66 28 thus
3614 2258 21 27 it
3650 2268 85 18 seems
3744 2265 56 30 any

2890 2304 98 28 person
3000 2303 61 28 may
3074 2303 64 28 pass
3148 2294 124 32 through
3288 2293 46 26 the
3346 2293 78 27 Dock
3439 2293 80 27 when
3535 2294 33 27 he
3581 2295 117 35 pleases.

3104 2383 197 30 CATHOLIC
3314 2383 273 30 ASSOCIATION.

2927 2461 97 35 (/ROM
3043 2466 60 20 The
3132 2465 113 20 DUBLIN
3268 2465 133 19 EVENINO
3422 2465 74 20 POST
3515 2465 34 19 OP
3569 2458 183 37 SATURDAY.)

2928 2515 92 28 There
3033 2523 56 18 was
3096 2522 17 19 a
3124 2520 65 27 very
3203 2511 168 35 respectable
3385 2510 125 38 Meeting
3522 2511 30 27 of
3565 2511 48 27 the
3626 2512 175 28 Association

2893 2551 57 28 this
2961 2551 64 34 day.
3045 2548 102 30 Colonel
3148 2520 43 52 very

3359 2546 28 26 in
3404 2548 47 25 the
3461 2546 94 27 Chair.

2928 2588 45 26 On
2983 2585 100 34 taking
3097 2585 44 26 his
3152 2582 214 38 place,leolonel
3381 2583 193 26 MDsemorT
3588 2583 215 35 apologised:for

2894 2622 43 27 his
2947 2622 116 26 absence
3077 2619 213 28 hithertoand
3301 2619 123 27 declared
3438 2619 44 26 his
3494 2619 48 26 full
3557 2620 54 25 ani
3627 2624 94 31 hearty
3737 2628 64 19 con.

2891 2666 129 20 carrence
3033 2657 27 27 in
3077 2656 47 27 the
3138 2654 182 37 proceedings
3331 2654 32 27 of
3372 2654 46 27 the
3439 2654 184 27 Association.

2930 2694 63 28 The
3005 2693 176 30 SaCRETARY
3207 2692 67 27 read
3300 2701 14 18 a
3340 2691 78 27 letter
3432 2691 90 26 which
3548 2692 33 26 be
3595 2691 53 27 had
3669 2691 126 30 received

2894 2731 71 27 from
2994 2739 18 18 a
3044 2735 72 21 most
3135 2728 159 33 intelligent
3325 2727 129 27 Catholic
3483 2727 181 34 Clergyman,
3692 2728 31 26 in
3755 2728 50 27 the

2894 2767 110 33 County
3021 2766 32 26 of
3086 2764 84 31 Cork,
3195 2763 174 34 intimating,
3390 2764 60 25 that
3470 2761 45 27 his
3542 2771 61 18 own
3631 2764 172 31 sentiments,

2893 2802 53 27 and
2957 2802 45 26 the
3013 2800 161 27 sentiments
3195 2797 30 28 of
3236 2799 43 26 his
3293 2796 219 37 Congregation,
3535 2797 120 35 entirely
3669 2798 135 28 accorded

2895 2838 65 27 with
2980 2838 47 26 the
3040 2835 185 38 proceedings
3236 2835 32 27 of
3276 2835 46 27 the
3335 2833 129 27 Catholic
3474 2833 185 27 Association.

2929 2874 56 28 Mr.
2996 2872 171 28 WOORDAN
3189 2871 64 28 read
3274 2881 17 18 a
3311 2870 79 28 letter
3415 2869 69 30 from
3506 2869 71 30 Lord
3592 2869 122 37 Killeen,
3735 2876 56 25 tinn-

2895 2911 51 35 ing
2959 2911 44 27 his
3014 2911 150 35 ignorance
3181 2908 30 27 of
3235 2908 74 27 what
3324 2908 47 27 the
3384 2906 143 30 Catholics
3548 2916 70 18 were
3640 2917 59 18 now
3712 2908 91 37 doing

2895 2947 92 28 and
3015 2946 143 35 declining
3187 2949 30 21 to
3243 2944 64 27 take
3326 2944 47 26 the
3403 2942 87 28 Chair
3519 2947 30 24 at
3575 2944 45 26 the
3641 2948 164 33 Aggregate

2896 2983 135 34 Meeting.

2931 3018 54 28 Mr.
2999 3017 182 28 O'CoNNau.
3193 3015 81 27 made
3292 3014 44 28 his
3358 3013 106 38 Report
3483 3013 71 28 from
3568 3014 46 27 the
3627 3014 178 34 Committee,

2896 3053 150 37 appointed
3070 3059 28 22 to
3122 3054 64 26 take
3203 3052 60 27 into
3283 3051 207 28 consideration
3516 3051 46 27 the
3591 3056 71 22 most
3678 3051 129 31 effectual

2896 3090 130 28 meansof
3034 3089 157 35 furthering
3203 3089 47 26 the
3262 3089 89 26 Cause
3370 3086 32 27 of
3424 3085 221 37 Emancipation,
3658 3087 50 27 &c.
3744 3089 63 28 The

2896 3128 116 34 Report,
3031 3125 90 28 which
3132 3128 24 26 is
3169 3125 91 27 rather
3280 3123 181 30 voluminous,
3474 3123 69 27 after
3555 3123 85 37 being
3653 3123 77 34 read,
3749 3133 57 19 was

2896 3162 54 31 laid
2961 3171 38 19 on
3014 3162 46 28 the
3072 3161 84 34 table,
3165 3159 56 30 and
3229 3159 112 30 ordered
3353 3167 27 20 to
3392 3159 32 26 be
3433 3159 80 27 taken
3528 3159 60 27 into
3600 3159 206 31 consideration

2894 3209 35 19 on
2947 3198 177 35 Wednesday.

2929 3236 83 27 Some
3026 3233 136 30 animated
3188 3231 135 38 speaking
3346 3231 131 27 occurred
3502 3240 37 18 on
3561 3231 46 27 the
3626 3231 120 30 conduct
3772 3231 34 30 of

2891 3272 48 28 the
2953 3270 97 28 Public
3073 3270 87 32 Press,
3183 3270 28 26 in
3234 3270 89 26 which
3352 3268 53 27 Mr.
3419 3267 125 33 Kirwan,
3567 3268 57 28 Mr.
3635 3268 169 33 O'Connell,

2890 3308 58 27 Mr.
2961 3307 89 33 Shiel,
3060 3307 53 27 Mr.
3123 3307 167 30 O'Gorman,
3300 3306 53 27 and
3366 3305 52 27 Mr.
3438 3305 123 37 Conway
3574 3305 66 28 took
3651 3305 90 28 share.

2926 3344 56 27 Mr.
2994 3344 128 27 CONWAY
3131 3344 69 32 said,
3220 3343 34 26 he
3267 3343 52 26 had
3333 3346 30 22 to
3385 3346 92 30 report
3487 3340 72 28 from
3580 3343 47 26 the
3638 3343 165 30 Committee

2888 3386 28 21 to
2929 3381 91 26 whom
3035 3381 34 24 he
3085 3386 53 19 was
3154 3378 129 31 referred,
3302 3379 46 26 the
3359 3376 128 37 drawing
3497 3386 37 26 up
3544 3385 15 19 a
3574 3376 118 28 Petition
3705 3387 37 19 on
3752 3379 51 28 the

2888 3416 76 28 State
2976 3415 32 27 of
3026 3416 46 26 the
3092 3415 133 35 Country.
3266 3416 40 26 He
3320 3422 52 19 was
3385 3415 65 26 then
3474 3412 93 37 ready,
3585 3413 50 27 but
3648 3415 152 34 suggested

2888 3454 47 26 the
2948 3451 170 35 expediency
3131 3451 32 26 of
3177 3451 169 35 postponing
3358 3449 46 27 the
3417 3449 115 37 reading
3543 3449 71 27 until
3627 3449 175 39 Wednesday

2888 3493 74 22 next.

2922 3523 63 30 Col.
3009 3523 195 28 bi'DeattoTT
3222 3524 66 27 then
3313 3521 46 31 left
3383 3521 47 28 the
3456 3521 96 30 Chair.
3588 3521 119 30 Thanks
3730 3531 71 20 were

2887 3560 80 30 voted
2981 3566 28 21 to
3022 3560 59 28 him
3093 3560 35 37 by
3143 3565 46 27 the
3203 3560 17 37 M
3220 3560 17 37 e
3236 3560 104 37 eting,
3360 3559 90 27 which
3463 3559 151 39 adjourned
3630 3559 155 30 immediate-

2888 3598 27 38 ly
2928 3598 81 30 after.

2922 3669 282 33 MARQUERADILA
3223 3669 92 27 Grand
3348 3666 184 37 Masquerade
3555 3676 53 20 was
3639 3667 85 35 given
3744 3669 54 28 last

2889 3707 131 35 evening,
3040 3712 28 21 at
3083 3706 47 27 the
3142 3704 106 38 Argyle
3273 3704 111 28 Rooms.
3422 3703 61 28 'floe
3503 3705 120 27 otaries
3635 3704 33 28 of
3684 3705 46 28 fan
3745 3706 53 28 and

2884 3743 81 30 frolic
2980 3743 65 38 kept
3059 3752 37 28 up
3105 3743 46 27 the
3161 3746 170 24 amusement
3339 3741 72 28 until
3424 3749 31 19 so
3468 3741 54 28 late
3535 3750 34 18 an
3583 3742 79 32 hoar,
3681 3742 59 28 that
3757 3752 41 19 we

2884 3787 74 22 must
2968 3781 78 27 defer
3066 3780 163 38 particulars
3247 3778 71 28 until
3341 3784 168 22 to-morrow.
3547 3778 60 27 The
3621 3787 103 27 supper
3742 3789 54 18 was

2883 3817 129 35 liberally
3026 3816 137 37 supplied,
3183 3815 45 27 the
3242 3816 84 26 wines
3339 3814 72 35 good
3426 3826 8 21 ;
3452 3823 81 27 msny
3548 3814 31 27 of
3594 3816 45 26 the
3650 3823 148 28 company,

2883 3855 135 32 as!usual,
3035 3853 48 27 did
3107 3853 69 26 such
3207 3852 92 37 ample
3312 3852 104 37 justice
3430 3856 27 21 to
3470 3852 45 27 the
3540 3850 91 32 latter,
3648 3852 60 27 that
3724 3853 73 27 their

2883 3892 156 26 characters
3052 3898 72 19 were
3137 3887 150 39 supported
3301 3888 64 26 with
3378 3888 141 25 increased
3534 3888 111 34 vigour,
3653 3887 141 35 although

2883 3927 122 34 perhaps
3014 3931 50 21 not
3077 3925 67 26 with
3158 3924 67 27 such
3237 3924 94 34 steady
3343 3921 86 28 effect.

2883 3976 104 27 NEXT
3002 3972 206 28 THURSDAY
3236 3970 181 30 MORNING,
3437 3970 87 27 TWO
3550 3970 77 26 OUT
3652 3971 47 25 OF
3715 3972 80 26 THE

2947 4009 122 26 SEVEN
3096 4007 120 28 ,('to,ooo
3240 4004 128 26 PRIZES
3386 4004 97 26 WILL
3509 4004 48 26 BE
3578 4005 162 26 DECIDED
3757 4007 39 25 IN

2948 4042 78 25 THE
3045 4042 106 25 FIRST
3169 4038 86 27 FIVE
3274 4038 177 27 MINUTES.
3491 4065 6 1 _
3510 4038 5 28 _

2917 4076 61 27 The
2987 4076 72 26 clear
3069 4076 53 26 and
3132 4081 70 28 open
3215 4071 117 27 steadier
3344 4071 156 28 mentioned
3509 4071 28 28 in
3547 4081 50 19 our
3607 4071 169 33 last,remain-

2883 4113 32 27 ed
2926 4111 206 41 uninterrupted
3144 4108 71 30 until
3230 4107 344 38 %Vedoesday,presenting
3587 4119 81 25 every
3680 4119 97 26 appear-

2883 4159 67 19 ance
2962 4148 32 27 of
3007 4148 105 35 Spring
3120 4146 28 27 in
3158 4146 34 27 its
3203 4149 71 22 most
3282 4144 158 27 favourable
3449 4150 100 31 aspect;
3561 4144 48 27 but
3619 4154 35 18 on
3665 4149 59 22 that
3736 4146 54 35 day

2884 4187 47 25 the
2943 4185 53 35 dry
3019 4183 54 27 sod
3096 4182 67 28 mild
3188 4186 182 30 temperature
3391 4180 32 28 of
3437 4181 47 27 the
3501 4181 41 26 air
3567 4180 135 33 suddenly
3722 4191 71 21 Kaye

2883 4221 78 37 place
2973 4225 28 24 to
3024 4228 15 17 a
3060 4220 81 25 moist
3155 4218 54 26 and
3240 4218 89 34 chilly
3350 4218 182 33 atmosphere,
3544 4217 145 27 succeeded
3711 4215 35 34 by
3769 4224 18 20 a

2884 4257 115 35 copious
3017 4254 47 27 fall
3077 4254 32 26 of
3119 4254 71 30 rain,
3206 4252 89 27 which
3308 4257 50 22 has
3373 4252 144 27 continued
3531 4257 28 20 at
3573 4251 131 27 intervals
3715 4250 74 30 until

2884 4292 142 35 yesterday
3039 4289 130 35 evening.
3194 4289 60 27 The
3267 4289 118 26 weather
3399 4289 24 26 is
3436 4296 60 19 now
3507 4286 60 26 cold
3581 4286 52 27 and
3647 4286 139 35 piercing.

2885 4329 83 27 while
2982 4335 81 27 many
3077 4325 31 27 of
3124 4329 46 24 the
3182 4324 63 28 fells
3257 4332 100 28 appear
3369 4323 111 28 covered
3495 4322 66 27 with
3581 4330 76 19 snow
3671 4332 7 20 ;
3697 4330 14 19 a
3724 4330 66 21 suse

2884 4363 154 30 indication
3052 4362 63 28 that
3126 4361 149 37 Febraray,
3288 4361 106 35 though
3411 4361 67 33 long
3487 4359 32 27 of
3528 4358 198 35 approaching,
3738 4361 51 27 has

2884 4407 30 21 at
2928 4400 94 37 length
3038 4398 119 33 arrived,
3170 4397 54 28 and
3235 4397 128 27 assumed
3378 4396 41 27 his
3431 4395 78 28 usual
3522 4395 268 35 character.(Cot.

2884 4437 64 28 lisle
2959 4434 149 37 Jountal.)

2922 4486 39 28 As
2985 4494 15 19 a
3014 4485 84 37 proof
3113 4483 32 27 of
3163 4483 47 27 the
3236 4481 130 30 mildness
3390 4480 32 30 of
3444 4479 46 30 the
3514 4486 104 25 season,
3641 4479 56 27 Mr.
3716 4478 71 32 Wm,

2888 4522 190 32 Braithwaite,
3098 4521 32 28 of
3148 4519 128 33 Eskdale,
3294 4519 47 27 has
3363 4527 17 19 a
3396 4526 65 30 pear
3474 4522 56 21 tree
3541 4518 27 26 in
3585 4515 48 28 fall
3648 4515 135 28 blossom:

2885 4560 73 27 what
2980 4558 112 28 renders
3109 4557 47 28 the
3167 4557 198 27 circumstance
3377 4563 73 19 more
3468 4552 180 31 remarkable,
3659 4552 48 26 the
3728 4558 59 24 tree

2884 4596 25 25 is
2928 4596 130 33 growing
3080 4594 30 26 in
3130 4603 15 17 a
3167 4590 86 37 frigid
3275 4589 53 28 and
3348 4589 197 27 mountiinons
3567 4587 118 27 district.
3723 4587 27 28 It
3762 4589 25 27 Is

2883 4629 58 27 also
2962 4630 110 33 worthy
3094 4628 32 27 of
3143 4625 118 32 remark,
3273 4626 60 26 that
3345 4625 78 26 time
3451 4631 58 19 was
3539 4629 35 19 no
3592 4629 77 19 snow
3679 4629 38 20 on
3732 4622 37 30 Ba-

2884 4664 112 30 nerdale
3019 4664 61 28 fells
3096 4672 35 18 on
3150 4661 167 28 Candlemas
3339 4661 66 35 day,
3425 4657 141 39 (Monday
3580 4658 99 35 week),
3691 4665 37 21 as
3739 4667 32 20 oc-

2883 4709 130 21 currence
3030 4698 185 39 unparalleled
3235 4698 28 27 io
3287 4697 48 27 the
3354 4703 124 30 memory
3500 4694 32 28 of
3548 4694 48 28 the
3607 4694 90 30 oldest
3709 4693 78 31 iaba

2883 4737 90 28 bitant
2982 4737 32 28 of
3025 4737 60 27 that
3094 4733 257 37 district.--(lbid.)

2917 4786 168 27 ATROCIOUS
3100 4791 141 20 ATTIMPT
3252 4791 38 18 AT
3305 4780 223 28 MURDIIR.OII
3548 4779 130 37 Tuesday
3691 4779 94 37 night.

2883 4827 28 24 at
2924 4822 48 28 the
2985 4822 74 27 hour
3071 4820 33 30 of
3118 4825 57 27 ten,
3191 4819 96 28 James
3301 4818 99 32 Evans,
3413 4817 172 33 shoemaker,
3608 4818 64 26 who
3685 4814 104 30 resides

2883 4860 28 27 in
2928 4860 46 28 the
2992 4859 83 28 lower
3086 4863 64 31 part
3168 4857 31 27 of
3222 4854 191 28 Little-Water
3426 4853 104 33 Street,
3550 4852 30 28 in
3594 4851 191 35 Carmarthen,

2882 4904 54 20 was
2949 4896 120 28 alarmed
3084 4893 35 37 by
3138 4893 47 27 the
3197 4892 70 28 cries
3275 4891 32 27 of
3315 4891 119 31 murder,
3444 4889 163 39 apparently
3618 4889 170 39 proceeding

2883 4932 71 28 from
2979 4931 48 30 the
3050 4929 136 31 direction
3203 4929 32 26 of
3249 4928 50 27 Dr.
3318 4926 145 35 Morgan's
3489 4925 155 35 Fishpond,
3661 4924 124 30 whither

2883 4968 33 27 be
2931 4967 129 30 hastened
3079 4964 136 35 instantly
3228 4962 54 28 and
3300 4971 56 18 saw
3373 4971 17 18 a
3410 4961 96 28 female
3530 4961 148 35 weltering
3691 4961 28 26 in
3737 4961 51 28 her

2883 5003 91 30 blood.
3012 5002 58 30 Her
3087 5000 141 32 assailant,
3249 5007 76 27 upon
3339 4998 43 27 his
3393 5006 181 28 appearance,
3596 4996 190 37 immediately

2883 5040 78 28 made
2972 5039 44 30 his
3027 5046 98 28 escape
3133 5046 66 19 over
3216 5035 48 28 the
3276 5033 74 30 flood
3361 5039 67 31 gate
3449 5033 63 28 wall
3524 5033 31 26 of
3567 5033 48 27 the
3627 5033 86 37 pond,
3725 5033 63 31 into

2882 5076 46 28 the
2936 5074 145 37 adjoining
3091 5072 167 35 shrubbery,
3269 5069 57 28 and
3338 5074 53 33 got
3404 5069 77 28 clear
3491 5069 46 28 off.

2919 5124 84 30 From
3021 5121 76 28 what
3106 5130 40 19 we
3161 5120 71 28 have
3247 5118 66 30 been
3325 5118 65 30 able
3409 5122 28 22 to
3454 5118 99 30 collect
3563 5118 115 31 relative
3687 5124 28 25 to
3730 5118 59 31 this

2882 5160 96 28 horrid
2992 5157 178 34 transaction,
3189 5157 22 27 it
3223 5164 116 28 appears
3352 5156 65 27 that
3431 5156 65 27 Ann
3517 5156 105 35 Lewis,
3637 5163 37 20 on
3696 5156 93 30 whose

2883 5196 47 32 life
2948 5197 50 27 the
3020 5197 117 33 attempt
3169 5202 56 21 was
3243 5192 90 34 made,
3356 5191 74 31 lived
3451 5200 32 20 as
3509 5191 91 31 feUow
3624 5197 111 25 servant
3757 5198 32 25 at

2885 5232 154 31 Wsunifor,
3066 5231 32 28 in
3124 5230 234 43 Cartlipashire,
3379 5229 70 30 with
3463 5229 48 28 the
3530 5235 126 22 mossier
3670 5230 61 31 who
3745 5236 43 25 at.

2883 5268 119 37 tempted
3022 5268 50 26 her
3085 5267 59 32 life,
3155 5268 105 33 during
3273 5265 91 28 which
3377 5274 17 20 a
3405 5265 104 34 degree
3521 5265 33 27 of
3562 5265 131 37 intimacy
3704 5268 85 28 exist-
3813 5265 2 39 .

2884 5307 34 26 ed
2934 5306 120 26 between
3069 5303 86 31 them,
3170 5301 91 31 which
3278 5302 91 30 issued
3391 5302 31 28 in
3446 5301 50 28 her
3515 5310 174 35 pregnancy.
3724 5302 61 31 Not

2883 5340 104 34 feeling
3009 5339 128 37 disposed
3159 5343 30 22 to
3211 5339 83 30 make
3307 5339 46 27 the
3372 5339 67 35 only
3450 5337 112 28 amends
3574 5346 30 20 in
3617 5339 45 27 his
3684 5346 100 26 power.

2883 5376 56 27 this
2949 5375 149 28 misereant
3115 5375 111 27 enticed
3237 5375 50 27 the
3298 5373 70 38 girl,
3377 5379 28 24 at
3417 5374 60 28 that
3490 5374 66 27 time
3568 5374 34 27 of
3611 5373 87 38 night.
3705 5379 28 21 to
3742 5381 47 19 so,.

2880 5418 135 27 company
3026 5411 58 26 him
3098 5414 27 22 to
3144 5411 46 27 the
3202 5411 70 27 road
3283 5411 37 35 by
3333 5411 46 27 the
3397 5409 138 35 fishpond,
3548 5418 18 19 a
3574 5408 128 31 secluded
3712 5407 103 32 spot.,;

2881 5444 126 38 andfwell
3017 5445 150 30 crlculated
3176 5447 44 26 for
3228 5446 46 28 the
3285 5446 185 37 perpetration
3478 5445 32 27 of
3520 5444 57 30 this
3585 5445 97 31 hellish
3687 5443 102 33 design

2882 5481 86 27 When
2982 5481 37 27 be
3037 5481 107 30 arrived
3157 5485 31 24 at
3211 5483 57 27 this
3288 5483 78 37 place
3391 5483 33 33 be
3435 5480 76 28 drew
3535 5486 51 24 oat
3596 5489 17 21 a
3625 5486 86 22 rotor,
3728 5476 57 27 and

2878 5516 77 30 made
2967 5522 73 26 scat
3052 5522 30 25 at
3092 5518 48 30 the
3152 5519 81 35 girl's
3241 5520 105 32 throat,
3358 5518 98 38 whiek
3474 5517 48 30 she
3531 5516 168 39 puessieiag,
3720 5515 66 26 rose

2877 5554 48 27 her
2955 5554 89 27 hands
3078 5559 27 22 to
3141 5561 86 31 avert,
3259 5557 54 27 and
3343 5556 146 37 straggled
3522 5554 69 32 with
3617 5554 45 25 the
3674 5548 111 32 falai*

2876 5589 105 37 during
3011 5591 92 27 which
3141 5594 51 26 her
3226 5593 71 27 cries
3331 5590 117 31 rtaeked
3485 5590 48 30 the
3567 5594 105 30 ranee.
3709 5582 74 32 wail.

2876 5631 28 21 at
2941 5631 57 21 11.15
3033 5627 107 27 critical
3178 5633 122 25 moment
3339 5635 78 20 came
3459 5633 30 21 to
3528 5626 51 27 her
3620 5620 191 30 aseistamee....

2876 5659 98 33 whom,
3011 5670 31 19 as
3078 5670 67 20 soon
3183 5672 30 19 as
3240 5667 47 24 the
3319 5662 103 30 wreteh
3450 5668 66 24 saw,
3541 5660 33 25 he
3589 5650 224 38 laiiodiale7..s

2874 5695 113 28 effected
3000 5698 45 27 his
3071 5707 105 28 escape.
3215 5698 50 28 We
3296 5699 83 27 know
3391 5700 50 25 not
3458 5683 353 48 whateerseareg,_.lnna'e

2875 5731 66 30 been
2970 5733 83 28 taken
3069 5734 43 28 for
3138 5737 43 26 his
3209 5735 219 35 apprehension;
3448 5731 25 28 if
3490 5738 63 25 any.
3580 5727 50 26 bet
3796 5737 6 5 .

2874 5769 61 27 that
2949 5770 66 26 such
3047 5780 18 17 a
3096 5770 146 28 misereant
3269 5771 90 35 ought
3385 5770 51 28 not
3444 5771 24 24 to
3468 5771 12 24 ,
3502 5765 30 26 lee
3531 5765 11 26 -
3557 5758 112 31 afrowed
3681 5763 30 22 Se
3724 5765 48 26 op-
3804 5770 11 14 r

2871 5811 65 28 pear
2948 5804 28 27 in
2989 5806 63 26 that
3064 5807 103 32 society
3180 5809 35 33 by
3229 5806 91 27 whose
3333 5805 52 28 law
3396 5804 35 25 bs
3442 5803 65 26 does
3519 5803 46 21 not
3575 5803 103 30 appear
3693 5796 28 25 to
3733 5791 37 30 be

2874 5842 100 26 bound.
2979 5842 145 28 Bristol
3130 5842 143 33 Mercury.

4057 6037 44 76 .
4101 6037 44 76 I

3905 2962 262 378 I

4093 0 17 78 I

4093 76 17 39 1
