3994 5386
71 493 58 17 sese
129 493 14 17 ,
143 493 116 17 eissee-e
259 493 14 17 -
273 493 44 17 e"'
317 493 31 17 --

73 515 8 2 _

146 531 22 19 w
178 531 8 17 t
191 523 47 21 GES
265 517 150 28 QUESTION
449 516 63 20 AND
542 515 60 20 THE
628 515 96 18 character
732 513 19 18 of
758 513 47 18 eithe
806 513 11 18 r
823 515 50 20 party
873 515 11 20 ,
892 513 15 17 if
915 517 26 12 we
947 517 31 12 are
986 510 76 18 allowed
1070 513 19 15 to
1097 509 45 19 drift
1150 509 40 19 into
1234 509 37 18 lick
1279 508 31 18 the
1318 508 47 17 dust.
1397 506 64 22 (Hear,
1469 504 58 22 hear.)
1554 503 17 19 A
1579 502 33 20 few
1622 502 44 22 days
1674 507 45 13 were
1730 500 43 22 only

65 536 73 26 THE
138 536 25 26 •

172 547 5 7 •
227 550 6 4 -

87 561 59 21 TUB
150 559 13 19 E
165 559 13 17 A
182 550 51 22 TEN
236 548 39 19 ED
307 544 111 22 STRIKE
452 543 33 20 IN
520 541 84 21 DEAN
630 543 12 11 es
647 536 83 21 struggle
738 535 98 19 attendant
849 535 45 17 with
902 535 25 17 all
943 535 25 17 its
981 534 58 18 bitter
1054 537 136 17 consesmeneee.
1215 530 34 18 left
1272 530 30 18 for
1323 529 50 19 them
1396 530 20 17 to
1435 528 64 19 choose
1521 527 80 18 whether
1622 524 66 18 swords
1708 522 43 19 shou
1750 522 22 19 ld

631 559 58 19 Omer,
698 559 56 18 hear).
778 557 9 17 I
796 557 48 17 trust
860 556 41 17 that
915 556 70 18 hevinz
993 556 35 15 met
1037 554 41 18 here
1085 556 20 14 to
1114 554 34 20 day
1156 559 34 15 you
1215 553 22 17 be
1254 553 67 20 drawn,
1339 557 19 11 or
1375 550 38 25 they
1413 550 9 25 .
1434 550 38 19 (the
1486 550 47 18 men)
1548 548 63 18 should
1629 549 67 14 retreat
1708 546 45 17 with

146 580 24 24 ES
170 580 12 24 T
182 580 13 24 '
1765 550 11 11 a

91 587 540 22 FOR
631 580 37 17 will
683 579 63 17 advise
759 578 65 22 calmly
841 578 35 17 and
892 576 92 21 decideely
999 581 45 15 your
1058 575 69 17 (Olken
1143 574 48 17 what
1217 574 56 17 white
1279 574 72 15 feather
1358 573 19 15 in
1384 573 50 15 thew
1446 570 39 17 tail.
1515 570 98 20 (Applanee
1626 568 35 17 and
1675 567 98 20 laughter.)

159 624 12 8 ~.,
204 615 22 18 ng
240 607 19 19 of
272 607 77 20 colliers,
358 606 73 20 miners,
441 604 37 18 and
488 602 67 19 others.
565 607 40 13 eon.
631 607 63 13 course
702 605 20 14 to
730 600 43 18 take
782 600 18 18 in
808 600 53 18 order
869 601 19 15 to
902 601 77 20 prevent
993 598 32 18 the
1041 596 80 24 pending
1135 595 57 18 strike
1217 595 31 18 He
1259 594 76 21 believed
1335 594 11 21 ,
1358 600 9 12 a
1368 600 11 12 s
1394 593 48 21 firml
1442 593 11 21 y
1462 598 19 12 as
1489 592 22 18 he
1520 591 52 18 stood
1584 589 61 18 before
1657 589 56 18 them.
1729 587 44 18 with

89 626 17 20 A.
112 626 40 17 mass
145 644 6 17 f
158 614 45 31 ..-.'eti

103 609 4 52 ;
136 639 22 22 o
158 640 9 17 ,
168 640 9 17 s
177 640 51 17 aween
236 633 51 18 three
295 631 33 18 and
335 630 43 18 four
385 628 43 19 thou
444 634 18 11 in
468 627 94 21 lespersous,
569 632 35 12 wee
631 625 58 18 which
698 624 58 22 might
769 622 79 27 nossibly
856 621 39 19 lead
904 626 19 13 to
931 620 103 19 bloodshed.
1058 620 8 19 I
1078 620 46 19 have
1136 619 56 19 heard
1217 618 72 19 Joshua
1304 617 37 19 and
1356 615 56 20 Caleb
1426 615 20 18 of
1459 614 31 19 old
1504 614 41 19 that
1558 613 43 22 they
1615 612 51 20 could
1682 611 46 22 fight
1743 609 32 19 the

70 652 39 30 mete
109 652 9 30 °
118 652 11 30 l
136 665 17 19 a
167 658 61 25 epoch
236 656 66 19 House,
309 652 83 21 Archery
399 651 71 21 Ground
470 651 12 21 ,
487 656 24 12 on
519 648 86 22 Moreley,
631 648 41 17 that
692 646 31 19 the
739 646 58 19 deare
816 646 19 18 of
849 645 32 19 the
905 646 77 17 masters
999 644 14 18 is
1033 645 20 17 to
1071 643 71 22 distroy
1161 643 31 17 the
1217 647 70 17 enemy.
1310 640 48 22 They
1368 639 59 19 would
1437 639 99 18 remember
1548 637 41 19 that
1598 637 12 17 w
1610 637 26 17 he
1636 637 13 17 n
1658 634 11 19 J
1669 634 59 19 oshua
1739 633 37 18 and

71 672 12 32 he
83 672 12 32 ,_
94 672 6 32 i
100 672 6 32 7
107 676 21 28 „et
136 674 26 30 iess
162 674 7 30 .
175 678 128 21 consideration
309 676 32 18 the
350 673 83 18 masters'
444 672 99 19 resolution
554 672 28 17 for
595 657 4 47 .
600 678 6 9 i
631 671 63 20 nukes,
712 670 33 17 but
762 667 69 22 depend
849 673 47 15 upon
915 667 14 18 it
947 672 30 17 my
989 665 71 19 friends
1076 665 43 21 they
1136 665 56 18 won't
1219 665 54 18 Caleb
1281 670 46 11 were
1337 665 40 15 sent
1384 664 33 15 out
1424 663 19 15 to
1450 666 33 17 spy
1493 660 31 18 the
1532 659 90 22 promised
1629 658 43 18 land
1678 658 31 17 the
1714 657 60 18 others

71 696 30 18 tel
137 713 26 17 eer
174 704 17 18 ce
190 704 27 18 nt,
230 698 92 20 reduction
339 698 18 17 in
369 702 66 15 wages.
458 693 117 21 Fortunately
575 693 11 21 ,
595 698 11 13 a
632 691 73 20 :succeed
713 691 19 18 in
741 691 56 20 doing
804 691 46 20 that,
863 690 39 18 form
921 694 31 17 my
960 689 79 22 opinion,
1052 689 34 17 and
1096 687 96 20 according
1219 686 40 18 who
1267 691 45 12 were
1319 685 48 18 their
1375 685 89 17 followers
1476 683 85 17 returned
1573 680 35 18 and
1623 680 44 19 slid,
1743 685 32 11 are

69 733 9 24 6
78 733 30 24 ,,,
107 733 9 24 e
117 733 32 24 ieg
156 729 30 20 dey
193 722 84 21 favoured
285 720 37 18 this
330 718 97 24 gathering
435 717 19 18 of
465 717 31 18 the
504 717 100 19 Foresters,
618 700 1 57 '
631 717 21 15 to
660 720 30 15 my
698 712 60 21 belief,
771 713 15 17 it
795 712 15 18 is
817 712 37 18 like
862 718 11 12 a
881 712 37 21 city
930 712 27 17 set
965 717 24 12 on
998 717 11 11 a
1022 710 33 18 hill
1069 710 41 18 that
1126 711 67 15 cannot
1204 700 2 57 I
1218 711 32 14 not
1259 709 40 17 able
1306 710 20 15 to
1333 712 25 17 go
1365 712 25 15 up
1402 705 35 19 nod
1452 711 43 15 poses
1494 711 8 15 ,
1502 711 18 15 s,
1534 704 31 18 the
1578 703 43 18 lanl
1633 703 77 17 because
1717 700 19 18 of
1743 700 32 17 the

70 758 30 20 and
105 757 65 17 thenee
177 746 54 19 Hatch,
243 745 19 18 in
274 743 47 18 their
330 748 38 12 new
376 741 50 22 leafy
432 744 56 18 green
496 738 35 19 and
540 738 66 20 bloom,
632 737 22 18 be
663 736 70 19 moved.
756 736 45 17 lam
809 741 59 12 aware
876 733 39 18 that
925 739 24 12 an
957 732 63 18 attack
1028 732 14 18 is
1051 731 53 22 being
1110 731 52 18 maie
1168 730 25 19 all
1219 731 51 21 great
1279 736 40 12 men
1331 729 105 18 there-the
1609 725 37 18 Bet
1658 724 71 18 Joshua
1740 723 35 17 and

105 777 13 19 il
118 777 7 19 i
125 777 14 19 er
152 770 39 19 with
204 768 52 18 other
270 764 46 19 local
327 763 128 27 aesomatione,
467 761 57 18 aided
540 763 20 14 to
575 759 32 18 the
633 759 54 21 along
696 758 31 18 the
733 757 44 19 line,
789 757 33 18 but
830 763 30 15 my
868 757 61 17 advice
937 757 19 15 to
964 756 31 17 the
1002 756 76 15 masters
1085 755 15 15 is
1109 757 19 13 to
1142 754 51 17 with.
1219 752 61 20 Caleb,
1289 752 51 17 when
1348 751 44 21 they
1403 750 117 20 anbeequentl
1520 750 12 20 e
1545 746 85 19 returnee
1644 746 44 17 with
1698 745 77 18 cluster'

70 783 60 37 wth
130 802 19 12 ne
177 791 53 20 Many
237 789 19 17 of
268 788 31 18 the

308 791 65 12 'tonere
386 790 46 12 were
445 783 125 20 accompaniee
582 782 26 20 by
633 782 48 17 draw
690 781 32 18 the
730 780 69 18 notices
807 778 35 18 and
849 780 59 17 resort
915 781 19 15 to
951 776 115 19 conciliation
1082 776 35 17 and
1129 782 64 11 reason
1219 775 19 17 of
1246 780 64 17 grapes
1317 775 18 15 in
1341 774 48 17 their
1396 770 119 19 bands-rich
1521 770 37 18 and
1567 770 91 17 luxuriousoue
1665 768 45 17 fruit
1717 767 58 17 which

106 797 193 18 eri

71 809 9 35 e'
80 809 15 35 ete
96 809 6 35 i
102 809 6 35 t
116 827 6 11 e
122 827 18 11 ...
175 814 26 18 .sel
210 810 122 19 sweethearte,
340 809 40 17 who
392 813 47 12 were
451 804 72 19 dressed
536 804 18 18 in
562 804 46 18 toil-
633 803 63 19 rether
704 802 46 19 than
758 803 20 17 to
784 801 90 22 fighting;
886 801 30 17 for
922 800 15 18 if
946 806 26 11 we
980 798 53 22 begin
1042 801 19 14 to
1068 797 52 22 fight,
1136 797 9 18 I
1154 797 40 18 fear
1205 789 2 56 i
1219 796 43 21 they
1271 796 41 17 held
1320 802 24 14 up
1352 795 61 17 before
1422 795 31 15 the
1461 798 60 15 camps
1528 793 19 17 of
1556 791 31 18 the
1598 790 80 19 children
1688 789 19 18 of
1719 789 57 18 Israel

71 849 24 12 ~
107 848 21 13 ,•
145 809 2 52 '
183 836 21 18 ed
219 834 72 18 further
307 830 89 24 imparted
412 835 22 13 an
451 829 76 18 interest
543 830 19 14 to
576 828 32 17 the
634 827 15 18 it
658 826 38 18 will
704 830 41 13 ever
754 824 72 22 destroy
834 823 31 18 the
870 822 79 22 friendly
958 822 69 26 feeling
1035 821 57 18 which
1108 820 57 22 ought
1174 822 20 15 to
1220 819 64 21 -they
1293 817 44 21 said,
1415 822 31 12 are
1459 815 39 18 well
1511 815 39 17 able
1559 816 19 15 to
1586 820 21 15 go
1617 817 73 18 op-we
1697 816 31 12 are
1736 809 40 19 well

182 860 31 18 else
222 857 63 18 Forest
294 861 40 13 men
347 861 31 12 are
390 852 117 22 exceedingly
514 850 94 19 fortunate
634 849 47 18 exist
690 854 66 13 amuse
764 854 26 12 ne.
816 847 58 18 When
882 852 26 12 we
917 847 38 17 met
967 848 19 14 at
1003 843 99 19 Newnham
1117 844 20 17 to
1153 848 41 13 con.
1220 841 40 18 able
1271 842 20 17 th
1305 841 46 21 fight
1363 840 31 18 the
1500 836 35 18 and
1547 836 22 18 he
1584 836 39 21 (the
1637 835 81 22 speaker)
1733 834 44 17 with

70 876 8 32 r
78 876 18 32 ..
96 876 18 32 .„
113 876 18 32 -.
131 876 71 32 ;,..•,,„
210 880 79 18 wrother
301 885 24 11 on
337 878 50 17 their
397 875 66 24 special
471 874 85 22 days-in
563 874 45 19 fact,
634 873 48 17 eider
691 872 30 18 the
730 870 66 22 special
804 870 47 17 rules
861 869 15 18 it
888 874 35 13 was
940 867 65 22 agreed
1020 867 41 18 that
1069 873 11 12 a
1087 866 167 21 fortnight
1180 866 89 17 m's
1220 865 61 17 the
1281 863 58 17 would
1354 868 38 17 say,
1452 867 26 12 we
1491 867 31 12 are
1534 861 19 17 to
1566 859 83 22 fight-if
1663 863 26 12 we
1701 857 45 17 have
1756 857 20 17 to

70 904 6 52 e
76 904 44 52 t.,,,,,
130 915 20 6 ~,
171 907 43 14 ,•i,er
222 902 41 18 fall,
269 906 20 14 to
294 901 47 18 tune
351 900 32 19 lot,
389 899 37 18 and
432 898 52 18 these
491 895 90 22 meetings
591 899 19 14 at
634 894 60 19 notice
703 894 63 18 should
777 894 20 15 be
807 893 52 21 given
868 898 22 12 on
899 891 59 18 either
966 889 37 18 side
1017 889 28 18 for
1055 894 11 13 a
1072 888 93 19 reduction
1175 894 19 12 .
1220 893 69 15 engage
1302 887 18 17 in
1332 886 58 17 battle
1403 885 25 17 let
1442 891 20 11 no
1478 883 44 17 have
1534 883 13 17 it
1560 882 53 22 along
1628 880 31 19 the
1672 880 57 18 whole
1740 879 37 18 line

171 927 57 17 .louee
239 931 31 12 are
282 928 65 15 among
356 922 31 17 the
397 922 47 17 meet
452 919 107 18 interestine
569 919 40 15 that
635 917 40 17 well
689 921 20 12 as
725 921 22 12 an
768 915 85 17 advance.
876 913 63 20 (Hear,
960 913 57 19 hear.)
1041 912 9 17 I
1065 911 83 18 consider
1163 911 32 17 the
1355 907 87 19 (Cheers.)
1469 906 52 20 They
1533 909 48 12 must
1593 904 25 17 all
1631 902 45 21 fight
1688 901 89 21 together,

217 946 48 22 place
279 946 18 17 in
309 945 31 18 the
348 944 78 20 district,
436 941 35 18 awl
480 940 87 22 probably
579 940 31 17 the
637 941 72 19 present
717 938 59 17 notice
784 938 20 15 of
816 937 31 17 the
856 939 74 13 wasters
941 933 78 19 violated
1036 933 48 17 what
1098 939 37 9 was
1149 933 45 17 then
1221 932 46 15 their
1280 930 81 21 artillery
1371 933 39 13 men
1422 927 59 18 would
1494 927 46 17 have
1547 930 20 14 to
1573 926 22 17 be
1604 925 78 21 brought
1693 922 84 20 forward,

184 972 15 17 i••
213 966 116 25 experenced
338 966 22 22 by
369 965 31 19 the
409 964 83 21 working
497 969 43 12 men
553 963 18 17 in
580 961 31 18 the
635 959 66 25 agreed
709 961 26 17 to.
759 958 112 22 (Applause.)
895 957 59 18 There
960 961 37 15 are,
1006 956 8 18 I
1022 954 117 20 underetaul,
1147 959 48 13 some
1221 952 35 19 and
1264 952 48 18 their
1319 951 124 21 watereugine
1450 954 40 12 men
1500 947 58 18 would
1566 947 45 18 have
1616 948 20 15 to
1641 951 50 13 come
1697 945 37 18 and
1739 945 39 21 join

177 1002 18 8 :ss
203 991 57 19 betide
268 997 46 11 were
326 990 19 17 in
354 987 116 20 attendance,
478 985 37 18 and
527 985 43 18 thus
581 991 14 11 el
595 991 7 11 -
602 991 8 11 ,
621 966 2 44 ,
637 985 37 20 pits
680 983 59 20 where
748 989 24 11 no
780 980 92 18 reduction
881 979 32 19 has
919 979 45 19 been
977 978 51 19 teked
1033 978 34 20 for,
1076 977 37 18 and
1122 978 8 17 I
1136 977 59 18 would
1221 976 19 18 in
1248 976 32 18 the
1287 974 52 22 fight.
1368 972 89 22 (Cheers.)
1485 971 37 19 Not
1530 971 43 21 only
1580 976 25 15 so,
1613 970 52 18 there
1671 973 47 12 were
1726 966 52 19 other

172 1013 8 24 .
181 1013 109 24 .,,cenlings,
300 1011 57 17 which
371 1015 47 11 were
430 1010 59 20 begun
503 1009 22 19 by
537 1006 73 21 seeping
635 1005 63 18 ielviee
706 1004 51 18 these
765 1004 103 20 gentlemou
885 1003 41 17 who
944 1002 37 17 had
994 1000 81 21 receutly
1088 999 69 21 opened
1172 1005 24 15 up
1221 998 59 20 places
1293 998 20 17 at
1328 997 57 17 which
1397 996 32 17 the
1436 1000 41 11 men
1491 993 35 18 had
1538 992 106 19 withdrawn
1654 991 48 18 their
1710 990 67 18 notices

182 1044 22 11 xii
213 1033 74 21 nielmly,
315 1031 58 19 Stand
381 1030 38 18 like
426 1030 32 18 the
549 1029 28 24 bp,
587 1028 22 21 by
637 1026 59 18 works
705 1026 18 17 in
732 1026 31 17 the
771 1024 72 18 district
853 1025 19 15 to
880 1024 45 20 keep
933 1024 48 17 them
990 1029 24 11 on
1030 1024 20 15 at
1069 1022 30 15 the
1110 1022 31 17 old
1156 1023 39 14 rate
1221 1019 50 18 these
1280 1024 40 12 men
1335 1017 57 18 would
1404 1017 45 17 have
1462 1018 19 15 to
1495 1016 38 21 join
1546 1015 18 17 in
1573 1015 31 17 the
1612 1012 78 18 conflict.
1714 1011 63 20 (Heir,

120 1033 2 48 '
181 1057 63 25 eipital
255 1055 53 18 hand
334 1055 34 17 Mr.
379 1054 21 17 (I.
412 1052 20 18 F.
441 1051 67 20 Goode,
520 1050 91 21 president
622 1033 2 48 ,
637 1049 28 18 for
670 1055 11 11 a
689 1046 50 18 werik
745 1052 21 12 or
771 1052 26 14 m,
810 1052 20 11 iii
837 1045 9 18 I
852 1045 35 18 feel
895 1050 41 13 sure
946 1050 25 12 we
984 1050 33 12 Call
1032 1044 54 17 Settle
1098 1043 32 18 the
1146 1049 50 14 (mew
1221 1042 58 20 Lear.)
1303 1039 48 22 Why
1358 1038 37 19 hail
1403 1038 31 18 the
1441 1037 69 19 notices
1518 1037 45 18 been
1570 1036 107 17 withdrawn
1683 1036 7 14 ?
1710 1033 45 17 Was
1763 1033 14 17 it

196 1082 11 19 u
207 1082 11 19 n
217 1082 35 19 ion
261 1076 87 28 prreitlea,
358 1076 32 26 and
390 1076 11 26 .
406 1076 21 17 be
436 1081 37 11 was
482 1072 97 22 supported
588 1071 22 22 by
624 1055 1 50 .
637 1074 39 15 tins
683 1070 77 18 without
768 1075 11 11 a
785 1069 64 18 strike.
873 1068 58 17 There
939 1067 31 18 the
979 1068 21 15 40
1009 1071 31 17 per
1046 1067 47 17 eeut.
1103 1064 32 19 L.
1152 1065 44 17 been
1221 1067 33 14 not
1261 1063 19 18 in
1289 1063 52 17 order
1354 1062 40 17 thet
1406 1061 48 18 their
1462 1059 73 22 engines
1545 1058 58 21 might
1612 1057 21 18 be
1642 1056 81 22 supplied
1735 1055 44 18 with

103 1094 7 14 t
154 1094 1 14 .

74 1115 17 19 th
141 1115 13 11 ,•
161 1077 1 57 .
178 1108 28 15 dr.
216 1104 98 18 Mountjoy.
328 1100 31 17 Mr
378 1098 18 17 W
402 1097 57 18 Basun
471 1096 85 20 Morgan,
565 1098 46 14 tree.
637 1093 83 26 honestly
725 1089 206 26 aulhonourablynaid.
954 1089 39 18 The
998 1088 117 19 Chesterfield
1120 1089 76 15 masters
1221 1087 54 17 coal'
1300 1085 18 18 It
1326 1084 57 18 weal
1391 1083 22 18 be
1423 1088 92 17 necessery
1530 1082 28 17 for
1571 1081 48 18 them
1632 1080 24 17 all
1670 1080 19 17 to
1697 1077 45 22 fight
1753 1078 26 17 li,.

110 1117 22 14 4.

76 1120 12 35 lu
87 1120 6 35 e
93 1120 26 35 rir,
128 1133 22 17 el,
171 1128 9 21 e
181 1128 9 21 a
190 1128 60 21 ggott.
259 1123 34 18 Mr.
302 1122 66 19 Baker,
380 1121 34 17 Mr.
424 1120 48 17 John
481 1119 85 19 Thomas,
576 1117 34 17 Mr.
638 1116 46 17 have
693 1115 105 18 wtthdrawn
807 1115 31 15 the
846 1115 60 15 notice
914 1113 44 21 they
964 1117 46 17 gave
1018 1110 27 18 for
1054 1116 12 12 a
1072 1110 96 18 reduction
1176 1109 19 19 of
1222 1109 69 21 gethm.
1315 1108 19 18 It
1342 1107 58 18 would
1408 1107 22 17 be
1437 1104 89 18 desirable
1534 1103 39 19 that
1581 1103 44 21 they
1633 1102 64 18 should
1704 1101 26 17 all
1737 1100 41 18 sink

76 1157 65 20 Rodgee,
149 1154 35 18 an,
193 1154 30 13 ex.
624 1122 2 56 ,
638 1143 66 15 wages,
724 1137 34 17 and
768 1142 24 12 an
800 1135 60 18 award
867 1141 35 11 was
919 1135 53 20 given
991 1139 24 12 on
1024 1134 73 20 Friday,
1110 1133 20 17 in
1139 1133 58 17 York-
1221 1136 21 12 or
1258 1130 50 18 swim
1323 1129 90 21 together.
1436 1127 98 21 (Renewed
1548 1126 76 20 cheers.)
1649 1124 28 17 He
1693 1122 87 22 regarded

93 1181 39 19 Th
132 1180 89 18 Chairmen
229 1174 41 17 then
279 1169 98 24 premeded
384 1172 19 14 to
415 1167 73 18 addrese
495 1167 32 17 the
535 1167 78 17 meetine
625 1144 1 56 •
647 1161 46 19 hire,
704 1160 48 15 forts
759 1159 32 20 lee
801 1156 93 18 reluctiou
902 1157 59 17 where
977 1155 32 18 the
1028 1154 71 18 colliers
1117 1156 47 14 went
1173 1160 24 14 up
1222 1153 48 17 their
1278 1152 78 21 position
1365 1150 52 17 much
1426 1150 19 17 in
1453 1150 31 17 the
1492 1154 48 12 same
1548 1148 46 20 light
1605 1153 20 11 as
1632 1147 32 17 the
1672 1146 40 21 ship
1721 1144 59 17 tossed

118 1189 7 7 e

122 1167 5 54 ;
145 1204 58 18 meeng
215 1198 40 17 thoei
255 1198 8 17 ,
276 1200 33 11 ass'
387 1193 20 14 to
419 1189 78 18 conduct
504 1187 109 19 themselves
625 1167 2 54 ,
639 1181 45 18 with
692 1181 31 18 the
732 1180 76 18 market
831 1180 65 20 (Hear,
908 1178 57 20 hear.)
990 1176 22 18 In
1024 1175 86 19 Scotland
1119 1175 31 18 the
1163 1175 33 18 col.
1224 1174 19 18 in
1251 1174 31 18 the
1291 1175 61 15 storm.
1376 1173 60 20 Every
1443 1174 79 13 moment
1537 1169 43 21 they
1593 1168 25 18 all
1630 1167 85 21 expected
1726 1167 20 17 to
1757 1170 24 17 go

78 1214 6 32 e
84 1214 6 32 '
90 1214 6 32 s
99 1207 12 37 I'
111 1207 13 37 S,
124 1207 7 37 '
138 1225 48 18 Mein
196 1220 41 19 vood
244 1218 57 18 order,
309 1215 22 17 he
341 1214 44 18 mild,
393 1213 78 18 hitherto
480 1212 43 21 they
530 1211 35 18 had
575 1215 39 12 won
626 1189 1 57 i
639 1205 43 18 hers
690 1204 35 18 hat
733 1202 35 18 hail
775 1204 41 17 e2O
824 1207 32 18 per
862 1202 48 18 cent.
920 1199 94 20 reduction
1029 1205 24 12 on
1065 1199 38 18 Ios.
1117 1198 35 18 and
1160 1198 38 18 I:2s,
1222 1195 106 19 dowu-the
1345 1194 54 22 ship's
1417 1194 45 17 sides
1478 1192 83 21 crenkel,
1572 1189 35 19 and
1623 1189 31 18 the
1670 1194 48 17 spars
1735 1193 46 13 were

78 1234 15 31 --
93 1234 24 31 i,'
128 1233 14 32 *:
151 1248 6 15 .
157 1248 6 15 e
163 1248 6 15 t
177 1245 15 15 ~f
200 1243 7 17 e
207 1243 17 17 ll
230 1241 64 17 daseee
299 1239 28 15 for
334 1238 31 15 the
371 1235 70 26 orderly
449 1239 74 13 manner
531 1234 19 17 in
556 1233 58 17 whieh
640 1233 31 17 Pee
679 1226 40 22 day.
743 1226 17 18 A
769 1226 103 21 gentlemen
880 1225 47 17 from
934 1224 43 18 that
985 1222 41 22 pert
1030 1221 39 18 told
1075 1227 28 12 me
1110 1220 31 19 the
1146 1220 52 19 other
1224 1219 63 21 giving
1298 1225 38 15 way
1350 1220 20 15 to
1381 1217 31 19 the
1420 1217 43 22 fury
1478 1215 19 18 of
1513 1214 31 19 the
1554 1213 131 19 storm-when
1694 1209 89 24 suddenly

73 1233 5 58 '
78 1259 9 32 t,
92 1259 11 32 '.
111 1253 24 32 -...
135 1253 6 32 e
141 1253 6 32 '
146 1253 18 32 xi,
171 1264 94 19 mstrateem
281 1260 34 17 lied
332 1259 45 15 been
390 1258 70 17 earned
475 1259 37 13 out.
541 1256 40 17 Hey
583 1257 31 19 ing
640 1250 34 21 day
683 1251 20 15 at
711 1248 61 18 Crewe
781 1248 41 17 that
830 1246 86 22 practical
924 1245 43 18 Wen
973 1245 53 18 could
1041 1246 31 19 get
1084 1244 20 17 in
1114 1244 84 17 Scotland
1224 1243 31 17 the
1264 1241 40 21 ship
1311 1240 56 18 broke
1375 1246 30 14 up,
1411 1239 37 18 and
1456 1244 52 15 every
1517 1243 43 11 man
1567 1235 34 18 had
1610 1238 19 14 to
1635 1234 40 18 I.k
1684 1235 32 17 out
1723 1233 59 19 either
1792 1233 1 58 •

80 1277 6 37 e
86 1277 13 37 h'
99 1274 18 15 -g

131 1272 8 35 d
139 1272 9 35 l

156 1276 7 31 v
163 1276 7 31 '
170 1276 8 31 e
184 1287 52 19 untry
253 1284 37 17 tine
301 1281 21 17 he
335 1279 60 22 hoptd
407 1279 44 21 they
458 1278 65 17 should
531 1278 40 15 that
581 1277 33 21 day
640 1272 26 17 N.
681 1277 31 14 per
729 1271 34 20 day
777 1270 47 17 since
841 1270 31 15 the
888 1267 99 18 reduction.
1019 1266 37 18 Mr.
1071 1265 128 18 Macllaxtree
1224 1265 20 15 to
1252 1264 41 15 sink
1300 1267 21 12 or
1330 1261 56 17 swim.
1404 1260 39 18 The
1452 1261 56 15 storm
1515 1259 87 20 appeared
1611 1258 47 17 tube
1668 1257 65 20 raging
1740 1260 43 12 over

626 1277 2 34 1
640 1292 35 19 and
684 1291 94 19 Radstock
785 1291 39 18 told
833 1291 37 18 Mr.
876 1290 66 18 Brown
952 1289 41 18 that
1000 1287 48 18 their
1058 1292 39 12 men
1107 1286 53 18 could
1169 1287 30 20 get
1225 1285 31 17 the
1264 1284 56 18 heads
1328 1283 19 18 of
1359 1283 32 17 the
1398 1283 66 17 Forest
1472 1279 119 19 miners-the
1599 1278 57 19 winds
1667 1278 69 17 howled
1747 1277 35 15 and

80 1298 21 18 iii:
107 1299 24 12 00
137 1294 7 14 t
151 1294 2 33 '
161 1317 11 11 st
178 1311 37 15 that
227 1307 41 19 they
276 1305 50 15 knew
337 1304 39 15 how
385 1304 19 14 to
418 1300 76 17 ronduet
501 1298 93 19 themeelv.
601 1304 13 11 s.

81 1315 8 41 e
90 1315 8 41 e
98 1315 8 41 '
106 1315 8 41 r
115 1315 8 41 !
123 1315 8 41 h
131 1315 17 41 t:
148 1315 8 41 e
156 1315 8 41 .
167 1333 8 17 a
175 1333 19 17 re
215 1330 25 17 Ile
248 1328 53 22 spoke
308 1325 44 18 thee
360 1324 74 22 pleinly,
446 1323 76 17 becanee
530 1326 19 11 us
557 1320 57 17 rhea..
627 1299 1 57 I
641 1317 25 15 es.
674 1316 35 15 ant
718 1316 26 15 6s.
752 1313 28 18 ed,
791 1318 31 17 per
841 1312 52 22 slay,,
902 1312 19 17 in
940 1311 81 18 addition
1041 1311 20 15 to
1078 1310 50 17 their
1147 1309 52 20 tools,
1225 1306 32 18 the
1264 1306 85 18 breakers
1358 1311 45 11 were
1411 1303 115 19 ahead-and
1534 1303 13 17 it
1560 1300 79 18 behoved
1651 1299 48 18 them
1714 1300 19 17 to
1744 1304 28 15 pre-

83 1332 37 50 oyem.:l
132 1364 18 12 a
172 1352 9 21 e
182 1352 57 21 eideut
254 1350 18 15 of
287 1349 31 17 the
333 1348 63 17 Fonot
410 1345 61 18 union.
480 1344 24 17 he
510 1344 33 17 felt
552 1344 41 17 fleet
601 1344 13 15 it
626 1332 2 50 i
627 1332 1 50 l
641 1337 77 21 powder,
739 1336 35 18 and
791 1335 71 18 candles
882 1333 54 21 being

954 1332 57 18 found
1028 1332 50 17 them
1084 1319 4 32 ;
1101 1331 41 17 that
1157 1330 43 21 they
1225 1333 44 17 pare
1277 1329 34 17 lest
1319 1326 47 18 their
1375 1326 40 21 ship
1423 1326 71 18 became
1502 1330 11 12 a
1521 1324 65 18 wreck.
1606 1323 59 20 Every
1675 1326 43 12 man
1724 1319 58 18 would

157 1363 15 30 tp
168 1343 4 50 :
217 1377 17 15 to
241 1374 21 17 do
298 1370 59 18 While
373 1370 59 19 trivial,
446 1369 20 17 ti,
509 1367 51 17 this:
578 1365 38 18 viv°
641 1359 40 20 had,
694 1363 97 15 moreover,
804 1357 57 22 cheap
869 1357 64 18 houses
941 1355 35 18 and
983 1355 78 22 gardens
1069 1352 30 18 for
1104 1354 25 17 Is.
1137 1352 30 18 od,
1180 1355 20 15 to
1226 1351 45 18 have
1279 1352 20 15 to
1306 1350 47 18 Alice
1362 1350 19 17 to
1389 1349 28 17 his
1426 1349 39 21 post
1473 1346 35 18 and
1517 1349 30 14 act
1554 1345 35 18 like
1598 1350 11 13 a
1617 1343 46 24 good
1671 1344 73 18 mariner
1744 1344 11 18 ,
1763 1348 20 11 or

85 1387 31 17 kip
119 1383 31 18 Ma
158 1385 30 12 a•al
194 1383 17 12 la
263 1383 5 20 •

139 1403 15 18 ;
155 1403 15 18 a
184 1406 6 13 t
207 1396 79 24 soy-but
302 1396 32 15 not
347 1390 164 22 boastfully-that
524 1389 22 18 he
555 1395 22 12 en
587 1389 28 17 his
627 1364 1 57 !
640 1383 26 18 2e•
674 1382 28 19 Tia•
712 1388 31 15 Per
751 1382 54 20 week,
817 1381 33 17 but
860 1380 43 18 here
908 1384 26 12 we
943 1378 46 18 have
996 1380 20 17 to
1024 1376 40 20 give
1077 1376 26 18 3s.
1119 1376 30 18 61.
1163 1375 37 18 and
1226 1374 21 18 he
1256 1372 63 19 feared
1326 1372 31 18 the
1365 1370 65 19 results
1443 1370 59 19 would
1512 1369 22 19 be
1547 1368 32 22 any
1579 1368 44 22 thin
1623 1368 12 22 g
1644 1368 32 18 but
1684 1364 9 25 a
1694 1364 9 25 g
1703 1364 79 25 reeable.

85 1409 20 18 he
112 1407 4 20 i
116 1408 43 15 iiesirr
191 1407 8 11 0

106 1431 6 14 r
112 1431 13 14 t,
132 1429 17 15 to
156 1426 26 15 tle•
189 1422 33 18 best
229 1419 17 17 of
254 1417 27 18 his
289 1416 43 20 Add
332 1416 14 20 y
346 1416 14 20 ,
373 1415 8 17 l
381 1415 9 17 i
391 1415 19 17 ed
424 1414 74 18 striven,
508 1411 35 17 and
552 1410 64 18 indeed
641 1407 19 15 its
660 1407 7 15 ,
676 1410 31 17 per
716 1404 53 19 week,
782 1403 77 25 without
868 1402 83 21 gardens.
974 1401 19 17 If
999 1406 37 17 you
1044 1398 44 18 wish
1096 1398 32 18 the

1136 1398 8 22 :
1144 1398 57 22 notice
1226 1396 89 26 (Cheers.)
1339 1395 28 17 He
1376 1394 35 18 had
1422 1394 48 17 risen
1485 1395 20 15 to
1515 1397 52 12 move
1581 1390 31 19 the
1628 1390 40 18 first
1680 1389 104 20 resolution,

217 1448 15 11 m

112 1450 28 17 eht
154 1452 15 12 to
181 1443 64 18 seru
244 1444 52 17 mace
308 1443 25 11 on
346 1436 44 18 both
402 1435 53 18 sides.
478 1435 30 15 He
524 1434 35 15 hail
568 1433 47 17 tried
641 1428 107 17 withdrawn
757 1426 37 17 and
802 1426 58 15 desire
868 1429 45 15 your
920 1422 69 18 officers
997 1424 20 14 to
1025 1427 28 12 wee
1062 1421 31 17 the
1101 1421 100 20 employers
1227 1424 33 11 vie.
1267 1426 27 9 :-

1245 1440 44 14 That
1296 1442 24 12 we
1326 1437 30 15 ask
1362 1437 30 14 the
1397 1437 71 14 'nesters
1476 1437 19 13 to
1505 1435 85 14 withdrmv
1594 1435 30 13 the
1631 1434 53 14 notice
1691 1433 18 14 of
1716 1433 60 17 twenty-

84 1436 76 56 er'lsol'ivith
167 1467 45 20 groit
223 1461 83 26 humility
314 1463 20 14 to
341 1460 86 17 advocate
436 1456 37 18 fair
481 1455 47 21 Mae,
543 1454 37 18 and
593 1454 22 17 he
641 1448 34 19 end
685 1449 31 20 get
725 1448 31 18 the
765 1448 67 15 matter
839 1446 66 17 settled
918 1444 15 17 it
941 1443 35 18 will
986 1443 21 18 be
1016 1441 89 19 desirable
1113 1443 20 17 to
1141 1448 41 14 pass
1189 1447 12 11 a

1227 1459 31 14 five
1265 1461 30 14 per
1300 1457 44 14 cent.
1352 1456 26 14 for
1385 1461 11 8 e
1403 1455 40 14 time
1453 1454 17 14 in
1480 1454 47 14 ord•e•
1537 1454 39 13 that
1586 1453 28 14 the
1628 1453 38 14 most
1665 1453 11 14 ,
1706 1450 34 15 aud
1749 1454 37 11 men

641 1469 99 18 resolution
749 1470 20 17 to
777 1468 40 18 that
826 1467 59 20 effect,
898 1467 71 19 sating
986 1465 40 18 also
1045 1465 48 17 what
1106 1463 96 17 reduction

85 1494 50 19 meant
142 1494 17 13 to
165 1489 19 17 de
191 1493 18 12 so
216 1491 52 15 Beam
280 1483 41 17 that
333 1481 40 21 day.
398 1479 89 21 (Cheers.)
511 1478 30 17 He
549 1475 34 19 had
593 1481 24 13 no
907 1467 320 17 t
1227 1480 38 14 may
1273 1476 41 21 mpet
1320 1474 84 22 together,
1411 1479 19 15 ae
1436 1478 25 9 we
1470 1478 30 9 are
1509 1472 19 15 of
1538 1472 67 22 (minion
1616 1470 39 14 that
1665 1469 30 15 the
1706 1468 80 19 propoe,d

84 1517 46 19 doubt
137 1513 34 20 they
180 1508 31 19 had
217 1507 22 19 all
249 1512 40 12 seen
296 1505 32 17 the
335 1501 81 19 masters'
426 1500 70 19 notices
507 1499 58 17 which
579 1504 37 11 was
628 1486 1 50 ,
641 1498 35 17 you
686 1492 35 17 will
731 1493 73 15 coneent
813 1492 20 15 ro
839 1489 24 20 (V
874 1488 48 21 any.)
947 1487 58 18 There
1010 1487 15 17 is
1032 1487 44 17 then
1081 1486 31 17 the
1117 1486 84 21 question
1227 1494 85 15 reduction
1319 1498 13 9 IA
1339 1498 22 9 au
1371 1495 81 12 exceenve
1463 1495 37 13 one,
1511 1492 61 15 having
1581 1489 60 18 reward
1652 1491 19 13 to
1682 1488 30 14 the
1721 1487 66 19 pneent

578 1520 38 18 The
628 1507 1 32 ,
641 1513 20 20 of
669 1513 31 20 the
709 1513 46 22 lery.
778 1513 39 18 Oar
824 1512 45 21 duty
878 1511 15 18 is
905 1513 19 14 to
938 1515 34 18 pny
980 1509 32 17 the
1020 1513 50 13 earn°
1078 1508 19 17 to
1104 1507 32 18 the
1143 1508 58 17 utter.

154 1541 6 12 i
204 1527 85 26 principal
300 1526 99 24 employers
412 1524 20 19 in
445 1522 31 18 the
484 1520 77 19 district.
1227 1513 45 20 price
1279 1513 18 14 of
1304 1512 41 14 coal.

85 1533 7 39 '
92 1533 39 39 ignea
131 1533 7 39 e
138 1533 8 39 l
146 1533 8 39 f
155 1533 41 39 ):llw
204 1531 5 41 -
262 1545 99 27 certainlyf
403 1547 18 18 •1
432 1546 20 19 bl
496 1545 8 19 1
562 1544 7 18 I
608 1545 8 17 t
628 1531 2 41 I
643 1539 48 18 most
699 1537 126 22 farthing-to
833 1540 35 19 pay
876 1534 15 18 it
899 1534 20 18 to
927 1539 33 13 our
967 1532 57 19 union
1032 1532 20 18 in
1064 1531 53 19 order
1129 1532 20 17 to
1161 1535 40 17 sup.

118 1567 8 15 y
133 1572 15 6 es.
157 1563 54 14 levees
220 1560 34 12 was
363 1554 52 13 Ortflis
422 1554 11 11 a
452 1553 9 12 e
467 1552 31 13 ant
510 1551 37 13 was
552 1551 11 12 a
570 1550 38 12 mei
1251 1533 35 19 Mr.
1296 1532 64 22 Henry
1368 1531 56 19 Jones
1433 1528 109 24 (Blakeney)
1554 1526 87 20 seconded
1649 1526 31 19 the
1689 1525 99 19 resolution

85 1570 58 34 Lormtieh
157 1585 15 13 to
190 1578 77 20 frighten
281 1576 43 15 thee
324 1576 12 15 ,
360 1570 116 24 (Langhtees)
498 1569 40 17 The
550 1567 66 18 miner,
628 1551 4 53 I
644 1564 41 20 port
693 1560 51 18 those
752 1560 40 18 that
801 1565 37 14 are,
847 1559 37 18 and
892 1558 61 18 others
960 1557 40 18 that
1009 1558 31 20 yet
1054 1560 40 17 may
1108 1554 22 18 be
1142 1553 60 19 forced
1228 1557 60 18 which
1299 1563 33 11 eas
1341 1556 70 18 carried
1419 1556 25 21 by
1452 1560 11 12 a
1469 1553 58 19 forest
1535 1552 19 19 of
1563 1551 64 19 hands.

85 1606 8 18 l
93 1606 8 18 o
102 1606 44 18 oking
158 1604 17 14 at
189 1602 39 15 thet
239 1598 31 17 bill
282 1598 48 14 must
343 1594 35 17 feel
392 1593 41 17 that
446 1591 45 20 they
498 1591 37 15 had
543 1589 76 21 arrayed
644 1585 38 15 out.
706 1584 27 20 By
749 1583 38 17 this
800 1587 37 15 you
850 1580 35 18 will
899 1580 53 17 teach
966 1579 31 17 the
1009 1578 92 20 einployer
1114 1577 43 17 that
1168 1583 35 15 you
1252 1579 35 17 Mr.
1297 1579 72 20 Baggot
1377 1578 38 17 said
1423 1577 40 17 that
1470 1576 61 17 whilst
1540 1576 22 15 he
1570 1574 37 17 had
1613 1572 98 19 advocated
1720 1572 41 15 that
1769 1572 20 15 in

113 1592 4 51 '
137 1626 8 17 t
177 1628 18 11 ,
204 1620 21 17 all
237 1619 31 18 the
283 1616 51 20 Gedia
334 1616 21 20 tl
374 1615 19 17 of
406 1615 33 17 the
452 1612 22 18 Vo
475 1612 45 18 reet
528 1611 20 18 of
559 1611 60 17 Death
645 1611 34 12 can
686 1605 71 20 respect
765 1609 45 15 your
817 1603 59 21 eights
888 1602 35 17 and
935 1600 102 20 privileges,
1045 1598 35 18 and
1090 1598 37 17 will
1135 1598 69 20 protect
1215 1592 1 51 ;
1230 1600 31 17 the
1269 1603 54 14 event
1331 1604 53 17 peace
1391 1598 52 18 could
1457 1598 32 17 not
1501 1597 21 17 be
1535 1596 35 17 had
1584 1596 45 15 then
1637 1600 12 11 a
1656 1593 58 18 battle
1724 1592 65 18 should

86 1631 51 18 alfalDS
152 1624 17 17 th
165 1632 11 7 ...
182 1636 7 2 ._

228 1642 48 18 Then
289 1639 21 18 he
324 1637 79 20 doubted
411 1637 33 18 not
454 1635 44 22 they
510 1632 35 18 had
560 1637 41 13 seen
608 1637 13 13 a
645 1632 46 18 your
703 1625 87 19 brethreu
802 1624 40 18 who
855 1630 40 14 may
908 1623 22 17 be
943 1623 19 17 in
970 1622 80 17 dietreee.
1075 1619 37 21 (He
1117 1625 21 15 so,
1147 1619 57 20 hear)
1215 1613 2 46 I
1230 1628 61 15 mom,
1299 1622 22 17 he
1331 1626 8 11 w
1339 1626 8 11 i
1348 1626 9 11 s
1357 1626 9 11 e
1376 1619 80 22 strongly
1466 1619 19 17 its
1499 1617 65 18 favour
1572 1617 19 18 of
1603 1616 65 18 boards
1676 1615 19 17 of
1707 1613 83 18 concilia.

85 1650 52 22 (Hear,
151 1646 27 17 ho
182 1644 19 20 r.)

85 1675 60 17 counter
152 1669 28 18 bill
195 1665 64 21 calling
272 1662 84 22 together
367 1661 32 18 the
412 1658 83 21 working
507 1663 41 11 men
562 1655 19 19 of
589 1656 32 18 the
646 1649 66 20 Indeed
722 1649 9 18 I
739 1655 32 12 can
780 1648 34 18 but
822 1646 70 19 behove
900 1645 41 19 that
954 1644 18 19 in
986 1644 43 18 thus
1045 1643 61 21 acting
1120 1648 35 17 you
1169 1642 35 18 will
1217 1636 2 56 I
1231 1644 44 22 tion,
1284 1644 35 19 and
1328 1644 14 18 if
1350 1643 43 22 they
1403 1643 38 20 (the
1449 1642 47 20 men)
1505 1639 51 19 could
1563 1644 50 13 come
1619 1641 60 18 toasty
1687 1636 104 20 reasonable

86 1695 64 18 &amid.
174 1691 24 17 Lie
210 1695 33 11 wee
256 1691 58 12 swore
320 1685 41 17 Beet
370 1683 31 18 the
413 1682 58 18 notice
481 1685 37 11 wee
524 1680 52 17 :short
585 1678 37 18 mei
646 1672 107 18 overwhelm
765 1677 45 17 your
824 1670 78 18 enemiee
909 1668 38 19 and
958 1669 72 20 de.strey
1044 1667 50 17 them
1109 1665 44 18 with
1165 1671 40 12 eon.
1231 1669 37 17 and
1274 1668 37 18 fair
1323 1669 56 15 terms
1391 1665 45 18 with
1448 1665 31 18 the
1491 1663 99 22 employers
1604 1663 14 17 it
1632 1661 58 18 would
1702 1659 21 18 be
1731 1659 59 18 better

86 1719 32 14 tit
130 1715 6 14 i
136 1715 7 14 t
150 1719 33 9 ~.
193 1709 8 20 i
201 1709 18 20 ie
219 1709 71 20 pneeible
302 1708 30 14 for
344 1706 25 17 all
380 1706 32 15 the
425 1702 80 18 working
517 1706 41 11 men
572 1702 20 14 to
599 1701 22 14 be
646 1696 67 15 fission.
738 1694 102 24 Unioni(ne,
854 1697 30 15 my
895 1690 74 20 friewle,
984 1690 15 17 is
1012 1695 34 12 one
1058 1689 20 17 of
1089 1690 35 15 two
1136 1688 70 20 thine',
1232 1691 45 17 than
1285 1696 43 11 war.
1352 1689 64 20 (Hem,
1424 1689 58 19 hew.)
1507 1688 18 15 It
1539 1691 35 11 was
1586 1684 9 18 w
1596 1684 9 18 e
1605 1684 21 18 ll
1635 1684 66 18 known
1709 1683 43 18 thet
1761 1682 30 17 the

89 1736 38 19 Utah
135 1730 100 25 acquaintol
243 1728 43 19 with
292 1728 21 18 it.
337 1726 76 20 Having
419 1723 43 18 read
470 1722 31 17 the
509 1722 32 17 hill
549 1721 72 17 alluaea
647 1716 41 19 vie,
697 1715 59 17 either
764 1721 11 9 a
783 1715 80 19 blessing
872 1719 39 11 era
919 1717 58 13 curse,
986 1710 35 17 and
1033 1710 9 15 I
1058 1715 33 11 can
1104 1709 11 17 b
1115 1709 12 17 u
1127 1709 12 17 t
1153 1709 54 17 think
1233 1713 64 15 Forest
1312 1715 41 12 men
1370 1710 34 15 had
1417 1715 54 11 never
1483 1709 31 19 yet
1527 1708 34 14 had
1570 1713 11 9 is
1587 1706 48 17 basis
1649 1708 19 14 to
1680 1704 50 17 work
1737 1709 53 14 upon,

89 1763 19 17 to,
115 1760 18 17 lie
139 1756 39 19 tool.
189 1754 39 20 that
236 1749 100 26 persomilly
347 1748 22 19 he
381 1747 51 22 quite
439 1743 65 24 agreed
513 1742 40 19 that
562 1742 14 19 it
586 1748 35 12 was
647 1736 15 18 if
671 1741 46 18 your
729 1735 99 22 employm,
842 1740 46 12 were
899 1733 56 17 nsked
966 1735 19 13 to
998 1730 81 21 honestly
1093 1735 70 12 enewer
1176 1729 31 18 the
1233 1733 34 17 and
1277 1731 22 17 he
1306 1730 79 22 thought
1395 1730 31 18 the
1437 1729 45 18 time
1494 1728 34 18 luta
1541 1733 50 12 come
1603 1727 52 17 when
1667 1726 44 21 they
1722 1724 70 17 should.

450 1767 33 26 ged
497 1773 41 13 men
552 1767 19 18 to
579 1766 43 18 take
647 1760 85 22 question
738 1759 44 22 they
790 1756 58 20 would
856 1762 32 15 say
900 1755 15 19 it
924 1754 35 20 bad
967 1754 46 19 done
1020 1754 50 18 them
1078 1753 52 22 good.
1155 1753 53 18 Some
1233 1755 51 22 They
1292 1754 30 19 did
1330 1755 32 17 not
1370 1753 53 19 know
1433 1752 57 18 where
1499 1750 43 22 they
1548 1748 58 22 stood,
1615 1754 20 13 or
1642 1748 48 18 what
1697 1747 43 22 they
1746 1752 46 13 were

87 1783 48 19 unfair
149 1783 30 14 not
191 1781 18 15 to
221 1776 51 19 allow
287 1774 31 19 the
332 1774 32 18 500
377 1769 20 19 di
397 1769 9 19 e
406 1769 21 19 eh
428 1769 21 19 ar

87 1808 40 15 (hare
135 1804 18 17 of
158 1802 28 18 tb.:
196 1800 47 18 work
249 1800 19 15 et
282 1798 32 17 the
321 1794 99 27 MePeetlee
432 1793 64 21 PL..,
519 1789 59 18 Them.
587 1794 35 12 woe
634 1769 1 54 I
647 1783 46 18 have
702 1779 97 21 eamitte
784 1782 33 18 Its
826 1780 66 22 myself
899 1780 41 18 that
947 1779 15 18 it
972 1779 32 18 has
1015 1776 133 22 accomplished
1160 1775 48 19 what
1233 1780 20 17 to
1260 1780 46 17 have
1313 1785 20 11 ae
1342 1778 31 18 the
1382 1776 47 22 price
1436 1775 20 19 of
1463 1774 39 20 coal
1512 1774 65 18 varied.
1600 1772 19 19 If
1633 1779 12 12 a
1652 1770 48 19 basis
1710 1776 46 12 were
1763 1769 21 19 sle-

87 1827 28 18 ds°
123 1826 27 15 the
157 1822 87 19 foliewing.
259 1820 59 17 clause
327 1824 18 11 in
358 1817 31 17 the
398 1814 32 18 bill
441 1813 79 18 referred
529 1813 24 18 to,
567 1812 11 7 “
585 1812 37 14 Bet
634 1794 1 51 1
647 1807 45 19 they
700 1806 32 15 the
741 1808 77 13 maeters
826 1808 56 12 never
889 1808 45 11 were
943 1801 40 17 able
991 1802 20 15 to
1024 1801 28 17 do.
1077 1800 18 17 If
1107 1800 41 17 thet
1160 1800 15 15 is
1189 1805 19 11 .
1234 1801 51 18 eiaea
1300 1807 46 14 upon
1364 1800 21 20 by
1400 1800 44 15 loth
1456 1799 67 21 partiee
1535 1798 15 17 it
1564 1795 64 20 would,
1642 1795 21 17 be
1676 1794 86 20 lielievea,
1772 1794 22 17 be

647 1827 41 20 why
699 1832 32 11 are
739 1826 31 15 the
781 1830 94 17 managers
882 1824 76 15 allowed
971 1825 19 14 to
1003 1821 105 20 constantly
1120 1821 90 17 victimiee
1221 1815 1 32 I
1234 1822 92 17 beneficial
1336 1821 35 17 and
1380 1820 104 21 ineentetive
1492 1820 19 15 of
1522 1819 113 15 waist:intim
1645 1819 20 14 to
1672 1818 77 15 masters
1757 1815 37 18 and

89 1840 70 27 tel(Teem
168 1845 28 18 tle•
204 1843 60 20 whole,
274 1846 9 13 a
289 1840 40 22 part
339 1838 19 18 of
366 1838 30 17 the
404 1834 53 22 vendee
457 1834 18 22 ..
475 1834 9 22 .
485 1839 18 12 See
511 1833 45 17 have
570 1833 51 19 gi...en
634 1830 2 38 I

90 1871 45 19 notiee
146 1869 27 18 for
188 1873 9 12 a
213 1865 87 21 eweelsing
313 1859 93 21 reduction
420 1858 19 19 of
446 1859 26 15 5,
481 1857 18 17 its
504 1856 32 17 the
543 1854 35 18 Li.
588 1853 34 18 mei
648 1848 32 17 the
689 1853 41 12 men
738 1846 58 19 otter
804 1846 48 18 them
860 1846 7 17 ?
891 1845 43 18 Ana
941 1845 31 20 yet
985 1846 74 19 strange
1072 1845 19 14 15
1104 1847 32 12 500
1150 1843 14 17 it
1179 1843 31 17 has
1221 1841 1 48 I
1235 1850 47 12 men.
1306 1843 63 20 (Hear,
1378 1841 57 21 beer.)

89 1894 38 17 these
145 1891 17 18 ism
167 1891 12 17 ii
262 1887 31 17 the
311 1891 43 13 men
360 1890 33 12 can
403 1883 43 17 bear
454 1886 24 12 no
595 1877 28 17 He
648 1872 46 17 been
703 1878 26 13 so,
737 1871 34 18 and
781 1876 50 12 more
843 1869 50 18 since
904 1867 52 18 trade
969 1866 33 19 bee
1015 1866 57 19 takes,
1085 1872 11 11 a
1108 1864 103 19 downward
1221 1859 2 52 1
1260 1867 34 18 Mr,
1303 1865 80 19 Richard
1391 1865 59 18 BakiT
1465 1863 39 19 said
1515 1863 21 17 he
1546 1861 30 18 ilia
1584 1863 32 15 not
1625 1859 63 19 intend
1697 1859 74 22 snaking
1782 1865 12 11 a

89 1913 57 21 dwied
158 1916 19 14 to
184 1913 37 17 Pest
236 1910 47 19 their
295 1907 73 22 ()Pinion
377 1905 44 18 with
428 1902 11 24 '
438 1902 11 24 ,
449 1902 46 24 emst
503 1904 19 14 to
530 1900 31 17 the
569 1899 54 18 senti.
650 1893 96 22 tensleney.
770 1893 46 18 lam
823 1891 51 20 eight
882 1891 19 18 in
908 1891 65 20 saying
985 1891 41 15 unit
1039 1896 32 12 our
1089 1889 65 17 unions
1166 1889 45 15 lesue
1222 1885 1 50 !
1237 1891 70 20 speech,
1315 1896 20 11 as
1344 1889 51 17 there
1403 1892 46 12 were
1456 1891 54 17 many
1519 1885 61 18 others
1587 1885 72 20 present
1668 1889 50 12 snore
1726 1889 70 15 comps,

91 1939 35 18 meet
155 1933 93 24 ex:we:sod
276 1932 19 18 is
322 1930 32 18 the
384 1928 59 18 notiee
465 1923 99 21 eenveuing
583 1922 40 18 that
650 1915 45 20 licen
705 1923 7 9 a
724 1922 39 13 gem
769 1915 26 18 •Is
800 1920 30 11 Inn
839 1917 19 14 to
873 1913 31 17 the
917 1912 32 22 emp
948 1912 11 22 l
959 1912 53 22 oyers
1012 1912 11 22 ,
1038 1911 11 22 h
1049 1911 11 22 e
1059 1911 11 22 l
1070 1911 11 22 p
1081 1911 32 22 ing
1124 1911 50 18 them
1188 1916 24 14 lip
1237 1913 39 17 tent
1285 1911 45 19 than
1338 1910 72 19 himself
1422 1911 19 15 to
1449 1910 24 15 do
1480 1915 26 11 so.
1530 1907 30 17 He
1567 1906 64 18 should
1639 1905 97 20 therefore,
1743 1904 52 18 with.

91 1959 8 20 m
99 1959 60 20 eeting.
198 1957 17 17 It
239 1961 37 12 was
300 1951 86 19 dedraible
405 1950 40 17 that
465 1946 37 18 this
520 1944 56 19 shout
576 1944 6 18 I
602 1944 13 17 b
621 1930 4 50 •
651 1939 32 18 the
699 1938 33 18 hia
751 1938 19 17 of
790 1937 8 17 a.
804 1937 22 17 itil
834 1937 50 20 naty,
904 1936 37 17 ant
959 1935 107 22 supporting
1084 1935 51 15 teem
1155 1932 37 18 the,
1196 1939 14 11 e.
1224 1930 2 50 I
1238 1937 32 15 out
1278 1933 72 18 further
1358 1933 77 21 preface,
1443 1937 52 12 move
1504 1938 27 9 :-

91 1983 33 17 ,e,,,,,
152 1981 12 15 e
164 1981 48 15 mane
213 1981 13 15 e
256 1977 13 17 it
298 1976 8 17 t
306 1976 8 17 i
314 1976 18 17 ed
356 1975 44 15 been
431 1970 37 18 waa
497 1969 39 17 that
572 1972 53 14 mauy
755 1962 11 21 )
791 1961 52 19 Now,
856 1959 86 17 however.
956 1958 20 17 to
987 1957 48 18 meet
1050 1963 11 11 a
1072 1957 46 17 el..
1131 1956 81 17 lutween
1224 1949 4 51 t
1258 1957 43 14 Tleo
1309 1956 28 14 the
1345 1957 69 13 limiters
1421 1955 33 14 and
1462 1957 35 11 nein
1506 1954 41 13 meet
1554 1951 30 15 the
1591 1950 61 15 officers
1663 1950 17 14 of
1693 1950 30 14 the
1729 1949 66 15 attriet

67 1968 1 54 I
91 2004 13 18 of
128 2002 30 18 the
188 2007 39 11 men
256 1996 79 22 obissettel
359 1997 19 15 to
407 1994 19 20 it,
457 1990 43 19 bolls
530 1989 19 18 in
573 1989 52 20 sawit
652 1983 109 18 theinedeee
780 1983 32 15 sat
823 1988 21 9 us
857 1981 45 20 they
914 1981 46 15 have
966 1982 38 14 met
1012 1978 37 18 and
1059 1977 74 19 decided
1147 1978 20 15 to
1181 1978 32 18 put
1225 1974 32 18 lat
1264 1976 28 13 the
1299 1974 61 19 speech
1370 1974 60 15 Henn:,
1437 1976 21 11 on
1467 1970 100 19 Weaneeday
1577 1968 19 15 n
1598 1971 24 15 ot,
1630 1969 45 18 April
1682 1969 45 17 29th,
1735 1970 18 13 to
1757 1968 39 15 take

176 2028 34 13 .•;n:
64 2023 7 26 i
92 2026 8 20 o
100 2026 8 20 i
109 2026 9 20 l
136 2024 17 18 ni
170 2023 57 18 Ir.
262 2021 13 18 H
275 2021 14 18 e
315 2019 87 18 therefore
428 2014 54 19 asked
495 2013 48 17 them
562 2013 20 15 to
595 2015 33 17 say
653 2011 21 11 we
684 2004 52 18 down
745 2007 19 15 Is
772 2004 32 18 the
813 2003 32 18 low
854 2004 57 15 water
919 2001 52 18 mark
978 2001 159 26 again.eeeme
1176 1997 38 18 Vat
1225 1985 2 64 I
1240 1995 35 13 ieto
1281 1993 122 15 coneiderstion
1413 1991 31 14 the
1453 1990 43 14 lists
1511 1989 18 14 of
1538 1989 30 14 the
1578 1985 44 37 prwe
1622 1985 12 37 l
1633 1987 18 15 of
1661 1987 43 17 veal,
1717 1987 32 14 and
1762 1985 35 15 also

1240 2013 28 15 the
1306 2011 13 14 is
1326 2010 18 15 of
1352 2015 60 13 wages,
1433 2015 11 8 o
1466 2009 57 14 rovent
1557 2008 12 14 is
1605 2006 96 17 eretanding
1710 2006 18 14 in
1741 2004 57 15 frame

92 2048 66 20 whether
165 2047 30 18 the
207 2044 72 22 opiteon
292 2041 69 20 Vermin
374 2040 52 18 ssieen
435 2043 35 12 Ives
483 2035 18 19 in
509 2035 64 18 accord
582 2034 11 18 w
593 2034 12 18 i
605 2034 12 18 t
617 2034 12 18 h
654 2028 52 19 allow
716 2034 27 12 um
752 2030 19 15 to
778 2027 33 26 oak
820 2031 43 17 you,
870 2024 47 18 shall
926 2023 51 19 them
985 2023 67 18 noddle
1058 2002 19 39 !L.
1077 2002 6 39 '
1083 2002 13 39 s.
1096 2002 7 39 '
1110 2022 21 18 be
1140 2000 17 39 St
1156 2000 8 39 )
1165 2000 51 39 llowed
1226 2000 2 69 I

1276 2011 30 15 bas

1179 2009 1 41 ,
1198 2009 5 41 ,
1227 2009 1 41 ,
1241 2031 46 17 whett
1296 2030 44 17 male
1348 2030 44 15 went
1396 2009 58 39 'iwt
1454 2011 85 17 p
1539 2011 15 11 w

1428 2029 15 14 in
1452 2028 44 20 price
1502 2031 19 11 or
1528 2027 47 15 down
1581 2023 5 25 t
1602 2026 37 15 alm
1644 2024 39 17 that
1690 2024 17 15 in
1714 2023 30 17 the
1749 2024 48 14 event

92 2073 38 19 their
136 2076 35 13 own
181 2069 51 18 yews
240 2074 22 11 on
269 2067 31 18 the
308 2059 74 28 subject.
412 2061 22 19 IA
444 2061 47 17 show
498 2059 19 18 of
526 2057 57 19 ininds
592 2063 37 11 w.
654 2054 20 15 to
683 2050 87 19 interim,
780 2049 44 18 wah
831 2054 34 13 our
873 2048 60 21 riehte
941 2047 87 22 :although
1038 2047 43 21 they
1093 2052 43 15 seep
1147 2044 69 18 aletaee
1227 2050 27 17 !it
1261 2052 13 15 is
1283 2052 30 14 not
1319 2048 100 21 practicable
1426 2048 27 15 for
1460 2048 30 15 the
1495 2048 70 14 mase•rs
1577 2048 19 13 to
1607 2046 30 15 111..
1637 2046 13 15 et
1657 2049 9 12 A
1674 2043 97 20 demitation
1781 2042 18 17 of

93 2095 34 18 then
135 2091 103 21 chelleeeml,
247 2089 35 18 tine
298 2095 11 11 a
321 2087 54 18 forest
390 2085 19 18 01
420 2085 38 17 thee
458 2085 11 17 ,
482 2087 45 13 were
543 2083 32 19 imt
589 2080 39 22 np.)
654 2078 20 15 to
686 2074 32 19 the
726 2079 84 13 mestere.
834 2073 19 17 Is
861 2072 14 18 it
885 2073 33 17 not
926 2076 11 12 a
944 2070 37 17 fact
991 2069 41 18 that
1039 2069 27 18 the
1100 2067 66 20 middle
1175 2073 40 12 men
1241 2072 30 15 the
1278 2075 34 11 men
1320 2074 20 11 OA
1350 2068 54 19 Wolne
1404 2068 11 19 ,
1415 2068 67 19 day,we
1488 2072 47 13 mere,
1543 2068 18 13 to
1567 2067 43 13 meet
1617 2066 44 14 thew
1670 2068 21 12 on
1697 2065 30 15 the
1734 2062 61 17 follow.

93 2118 18 18 Th
111 2118 9 18 e
120 2118 9 18 r
130 2118 9 18 e
146 2114 37 19 eoel
190 2113 32 17 110
231 2118 21 12 no
270 2109 97 20 mistitking
381 2107 31 18 the
425 2105 81 18 masters'
516 2104 81 22 proeosel
611 2105 19 15 to
654 2104 33 11 are
696 2095 105 22 cosseteetly
808 2094 87 21 !winging
907 2099 48 13 some
970 2093 35 18 evil
1018 2093 67 20 tidings
1097 2092 72 18 iteainet
1185 2089 31 18 the
1227 2087 2 48 ,
1243 2092 27 15 ing
1278 2089 100 18 Wednesday
1387 2087 18 17 of
1415 2088 38 14 mxt
1461 2087 9 14 w
1470 2087 20 14 ee
1491 2087 20 14 k.

93 2139 20 18 ne
113 2139 11 18 k
124 2139 21 18 ee
154 2141 17 11 we
170 2141 35 11 sees
214 2135 21 14 .se,
242 2139 7 14 p
249 2139 7 14 e
256 2139 17 14 t.
280 2133 53 18 emit.,
341 2130 70 17 neithrr
419 2127 52 18 real
478 2126 44 20 they
530 2126 99 17 misimilea-
656 2120 53 17 trade
717 2119 35 17 and
763 2125 27 14 nS,
800 2120 292 17 te
1091 2120 8 11 a

817 2118 44 17 llilnt
872 2118 44 20 they
922 2114 109 19 themselves
1039 2120 43 15 rents
1102 2120 11 11 n
1123 2118 92 12 enoriesone
1266 2109 35 17 Mr.
1310 2107 74 19 Charles
1394 2106 72 19 Marten
1479 2105 89 18 seconeed
1579 2105 31 15 the
1624 2102 105 20 resolution,
1742 2101 58 18 which

96 2159 44 19 SIMI
145 2159 37 17 that
191 2127 5 51 1
196 2160 6 12 ,
210 2153 85 19 ttate..ka
304 2156 19 14 to
334 2152 26 14 en
372 2156 37 17 ~,,-,
419 2156 24 9 .a
456 2147 93 21 ,•mployerl
563 2148 19 14 at
600 2146 31 17 B.
657 2140 53 21 profit
726 2140 58 17 weieh
800 2139 64 17 sheltie
878 2139 22 15 be
912 2138 72 15 divided
996 2137 81 15 between
1091 2138 77 14 made,
1182 2133 34 18 (me
1243 2138 27 9 wi
1287 2130 71 18 carriee
1365 2127 135 21 unanimously.

1482 2133 18 15 y.

165 2178 11 19 s
176 2178 11 19 e
187 2178 32 19 eks
228 2174 56 21 lielnu
283 2174 9 21 g
293 2174 28 21 ing
328 2176 19 15 to
356 2173 51 18 these
424 2172 47 17 firms
481 2171 40 15 who
529 2167 63 22 signed
601 2167 31 18 tee
658 2167 47 12 men.
732 2163 52 15 Seem
802 2160 18 18 of
834 2165 35 18 yon
885 2159 46 17 have
947 2158 56 17 heard
1018 2158 41 17 that
1076 2157 32 17 the
1127 2157 281 20 Hey
1408 2156 11 11 n
1169 2156 47 17 wood
1266 2152 39 17 The
1320 2151 92 18 Chairman
1435 2150 38 17 said
1489 2148 22 17 he
1524 2153 37 12 was
1573 2147 51 21 quite
1639 2152 58 11 aware
1714 2146 41 17 that
1769 2145 32 15 the

97 2205 53 19 notice.
158 2209 20 11 en
184 2166 4 58 '
197 2202 84 15 ediemeer
289 2198 31 20 Bee
320 2198 11 20 ,
344 2196 35 18 liml
387 2194 45 17 Lee.
441 2194 33 21 Put
488 2198 25 17 up
527 2191 18 19 hi
554 2191 31 19 the
604 2191 28 17 it..
658 2185 71 19 colliers
737 2191 31 11 are
777 2186 32 15 not
817 2185 19 15 to
844 2183 22 17 he
875 2180 81 19 lowered.
980 2179 48 19 Such
1038 2179 7 18 I
1054 2185 39 12 new
1102 2179 48 18 learn
1160 2178 15 17 is
1188 2179 30 14 t:e•
1245 2173 58 18 noth.e
1312 2178 34 13 tells
1355 2178 43 15 very
1406 2172 51 18 short
1463 2166 5 58 ;
1476 2171 39 20 but,
1521 2176 22 12 on
1553 2169 30 18 the
1591 2169 53 17 other
1651 2167 54 21 hand,
1714 2167 22 18 he
1742 2166 59 19 might

96 2228 43 18 trice
145 2225 34 18 The
188 2229 15 13 er
203 2229 7 13 ,
210 2229 33 13 ssoe
252 2223 27 15 for
287 2220 35 17 Mir.
332 2218 58 18 notiee
399 2224 37 9 wee
449 2217 33 17 net
489 2215 91 21 aengned.
589 2213 44 20 (No,
659 2215 46 11 case.
741 2206 41 18 Awl
807 2205 41 22 why
869 2211 39 11 was
930 2204 54 18 this?
1019 2203 8 18 I
1048 2203 45 17 have
1116 2202 44 18 bees
1181 2199 37 18 tela
1245 2204 31 14 say
1294 2197 41 18 that
1355 2196 15 17 it
1391 2200 35 12 was
1447 2192 79 22 scarcely
1541 2198 19 13 0
1578 2191 50 19 short
1646 2197 20 12 as
1689 2190 32 19 the
1743 2185 59 22 notice

98 2250 56 20 wand
193 2252 12 11 e.
211 2246 51 17 hear.•
276 2243 53 18 Well,
338 2242 43 19 they
390 2239 39 19 (the
437 2245 21 11 'as
465 2238 54 20 eking
529 2243 40 12 men
578 2237 19 17 of
602 2237 32 17 the
660 2230 40 19 that
726 2230 13 18 if
764 2230 30 17 the
820 2226 91 24 Heywood
928 2225 73 21 colliery
1020 2225 15 18 is
1055 2224 60 18 elesed
1134 2230 24 11 no
1180 2223 39 18 teed
1246 2220 52 17 gimes
1310 2219 22 21 by
1344 2218 31 18 the
1381 2218 76 17 masters
1467 2217 31 17 the
1506 2216 52 17 other
1565 2215 34 22 day
1612 2215 28 17 for
1649 2219 11 11 a
1665 2212 106 22 deputation
1783 2211 19 18 of

99 2272 8 18 F
107 2272 26 18 ore
133 2272 19 18 es
181 2276 18 11 ,
208 2265 89 20 ,ssemblell
305 2267 19 15 to
340 2263 67 22 proteet
426 2262 73 21 agaiiist
514 2261 41 17 that
567 2258 65 18 notice.
660 2258 33 13 can
712 2252 14 18 hl
726 2252 7 18 ,
757 2251 37 18 heed
816 2250 28 18 for
868 2250 31 18 the
921 2249 84 21 farmer',
1028 2248 37 17 and
1085 2248 43 18 that
1150 2246 14 17 is
1189 2245 31 18 the
1247 2243 30 17 the
1286 2248 40 11 men
1335 2243 19 15 to
1361 2241 47 17 meet
1415 2239 50 18 them
1474 2238 19 18 at
1501 2237 105 19 Newnham.
1626 2236 28 18 He
1663 2235 80 22 thought
1750 2235 52 17 there

100 2293 15 19 V
124 2270 39 41 th,:m
163 2270 17 41 eh
181 2298 8 11 w
201 2297 15 11 ris
227 2296 30 14 any
270 2295 9 9 m,
302 2289 32 15 tat
347 2285 41 18 who
400 2283 115 19 selterteitied
523 2283 31 17 the
562 2282 72 20 opieion
660 2276 59 21 Policy
732 2275 19 18 of
759 2275 32 17 the
800 2276 76 14 maettas
883 2275 19 14 to
912 2271 44 21 keep
965 2270 31 19 the
1009 2270 50 18 work
1078 2276 45 15 open
1143 2269 28 18 for
1189 2268 31 18 the
1232 2257 1 54 •
1247 2270 35 12 Was
1291 2270 11 12 a
1310 2265 73 20 greater
1390 2262 107 21 probability
1506 2261 28 18 for
1543 2259 31 18 the
1589 2258 99 22 emploesers
1694 2258 19 17 to
1721 2258 47 17 meet
1773 2257 31 18 the

99 2316 18 19 th
117 2316 8 19 a
125 2316 9 19 t
143 2315 17 17 th
159 2315 9 17 e
177 2315 22 14 ,•ej
210 2317 26 11 ,rs
243 2311 15 17 of
267 2310 28 18 the
304 2309 57 17 union
370 2308 70 17 desired
448 2307 50 17 them
506 2309 19 13 tO
539 2304 67 17 sabitth
615 2306 19 15 to
660 2298 52 17 fur.
712 2298 13 17 ,
732 2281 2 54 I
745 2296 130 21 eeeniteeeente
887 2295 35 17 and
939 2294 53 17 other
1006 2298 41 17 1001
1067 2301 24 8 •0.
1126 2293 24 20 (A
1157 2290 50 18 ndee
1217 2281 2 54 :
1247 2289 54 14 woes
1311 2284 150 24 representatives
1469 2283 41 19 that
1519 2283 30 18 the
1558 2283 54 17 latter
1622 2282 35 17 hail
1664 2281 18 18 in
1693 2281 93 21 accepting
1794 2284 11 12 a

99 2343 11 12 a
141 2341 26 17 per
174 2340 41 12 met.
223 2331 92 21 reduction,
325 2331 22 17 he
356 2328 58 19 would
422 2335 31 13 sey
461 2329 19 15 at
487 2333 44 11 once
543 2327 40 15 that
593 2326 41 19 tees
661 2321 12 7 ''
681 2320 38 25 He,
725 2327 7 8 e
742 2319 31 17 tl'es
782 2320 48 15 e.f
841 2315 107 22 altogethen
948 2315 11 22 -
959 2315 12 22 )
1006 2315 105 20 Something
1128 2315 32 15 hae
1176 2314 44 15 been
1247 2309 69 18 sniffler
1324 2308 116 20 complitnent
1456 2307 31 17 the
1500 2306 53 17 Other
1565 2304 40 20 day,
1619 2302 93 19 inasmuch
1726 2308 20 12 as
1756 2302 48 17 their

115 2339 6 15 g
128 2339 6 15 5

100 2360 19 19 hi
119 2360 11 19 e
138 2366 20 12 no
229 2354 27 20 ien
256 2354 18 20 te
274 2354 9 20 e
283 2354 9 20 „
302 2354 18 18 i.
330 2353 9 18 v
339 2353 9 18 i
348 2353 9 18 e
358 2353 21 18 ,.
404 2350 7 18 I
411 2350 8 18 t
430 2348 19 30 ii
449 2348 19 30 pp
468 2348 19 30 ea
487 2348 9 30 r
496 2348 11 30 e
507 2348 11 30 d
524 2348 61 18 totem
595 2347 19 17 il
614 2347 9 17 e
624 2347 11 17 a
661 2341 38 18 said
710 2341 18 17 in
737 2341 69 20 ee.mg
819 2341 19 14 to
846 2339 32 17 the
893 2336 129 21 weter-emeine
1031 2341 47 14 non,
1097 2335 41 18 viz..
1156 2335 13 17 it
1189 2335 32 15 leo
1247 2333 53 14 aeent
1310 2329 35 18 and
1352 2329 61 17 others
1422 2328 20 18 of
1449 2328 48 17 their
1505 2327 72 20 leading
1584 2331 39 9 men
1632 2330 45 11 were
1684 2327 20 14 at
1714 2323 31 18 the
1753 2323 39 17 Mau-

100 2383 12 19 d
120 2389 31 11 was
158 2385 26 15 unt
195 2389 15 6 e.
219 2379 48 18 mita,
274 2378 30 19 the
312 2374 94 20 reibmtioe
412 2373 58 19 winch
478 2378 37 12 nos
523 2372 32 18 the
562 2370 46 17 bone
617 2369 19 18 of
660 2365 46 18 been
719 2361 135 20 re(ceemended
862 2361 41 18 that
909 2360 45 22 they
971 2360 22 18 ho
1007 2359 19 18 11
1033 2365 51 12 cease
1094 2357 83 19 workine
1186 2356 13 18 if
1212 2362 9 12 a
1247 2354 72 17 chester
1326 2350 105 19 conference
1443 2349 47 18 until
1502 2348 31 19 the
1546 2348 34 22 day
1593 2348 65 17 before.
1694 2346 58 18 There
1763 2350 43 15 was,

100 2405 90 19 conteniim
200 2404 31 17 .a,t
244 2407 37 12 note
293 2400 80 17 between
387 2398 25 18 it,
452 2401 19 12 as
480 2395 31 18 the
526 2394 50 18 bide
587 2399 47 15 emu
661 2387 58 19 strike
736 2393 35 11 was
791 2386 7 18 f
802 2385 51 19 erred
865 2389 50 18 upon
928 2382 56 19 them.
1016 2382 37 18 But
1071 2381 11 19 I.
1104 2387 27 13 Ille
1140 2380 31 20 VII
1188 2387 33 14 ).,
1248 2378 86 19 hoWever,
1344 2374 78 19 anothm
1430 2373 47 19 little
1493 2374 65 17 matter
1566 2374 20 15 to
1603 2369 58 19 whieh
1674 2368 24 19 he
1710 2367 70 20 desired
1788 2368 19 18 to

103 2426 9 18 w
112 2426 38 18 hich
158 2431 39 14 wag.
207 2392 4 53 :
226 2422 58 17 sleinid
296 2422 21 15 he
327 2420 99 20 regullisol,
439 2425 19 9 as
468 2418 72 20 against
549 2417 31 17 the
589 2415 47 21 ere,
661 2411 69 20 nddele
739 2409 39 17 the'
789 2409 14 15 if
811 2408 51 17 these
870 2413 41 11 Mell
920 2407 40 19 Stop
967 2406 34 17 alla
1010 2412 26 9 W,,
1045 2405 60 17 filrisll
1106 2405 7 17 ,
1113 2405 8 17 l
1130 2406 30 15 tt.•
1169 2405 41 15 •tr..
1220 2392 2 53 •
1250 2398 148 22 eter-munely,
1407 2398 51 15 when
1470 2396 32 17 the
1515 2394 99 22 employers
1630 2400 44 15 gave
1689 2394 50 17 them
1748 2392 60 18 notice

103 2448 33 17 etc.
138 2447 7 17 e
145 2447 17 17 it
184 2446 26 19 0;-
222 2451 19 11 Sr,
250 2445 41 14 hear.
292 2445 9 14 ,
332 2441 59 18 There
399 2446 35 9 wee
444 2440 19 15 at
471 2439 32 15 the
515 2440 72 19 Present
594 2437 44 15 time
664 2433 18 14 in
691 2438 11 9 0
710 2431 98 19 fertnieht,
821 2431 15 15 it
846 2433 53 12 won
887 2428 18 17 el
915 2427 71 20 require
1006 2426 77 17 another
1097 2426 54 15 forte.
1162 2426 24 15 :e•
1206 2413 5 52 1
1211 2431 12 9 .,
1251 2422 26 14 eq.
1289 2426 24 11 an
1320 2421 79 15 advance
1409 2420 18 15 in
1436 2424 59 15 wagee
1504 2418 14 15 it
1526 2422 37 11 was
1573 2422 12 11 a
1592 2415 98 20 fortnight,
1702 2415 33 15 bid
1743 2420 39 11 now
1792 2413 15 17 it

122 2470 27 18 l'e
150 2474 39 12 .•tene
189 2474 7 12 ,
209 2435 2 52 ,
216 2466 11 18 e
234 2466 22 18 '2O
269 2472 11 11 a
287 2465 31 18 ton
328 2464 81 17 betwees:
424 2461 31 17 the
468 2460 64 18 mete:
531 2460 13 18 ,
557 2458 37 18 and
607 2458 31 17 the
663 2458 57 15 panne
730 2453 32 15 sot
770 2452 19 25 91.
789 2452 6 25 -
795 2452 7 25 •
811 2452 58 14 water
876 2450 37 15 ana
924 2448 51 17 clean
989 2453 24 15 up
1028 2448 32 15 the
1071 2447 64 25 evmske.
1180 2453 15 5 ••
1208 2452 7 8 e
1251 2447 35 11 esue
1293 2443 13 15 a
1306 2443 26 15 25
1342 2446 30 13 pm
1381 2441 47 15 rent.
1436 2439 93 18 reduction
1538 2439 31 15 the
1586 2438 59 15 notice
1652 2441 38 11 wee
1702 2435 41 20 only
1755 2439 53 13 seven
1819 2435 1 52 .

74 2477 4 19 ,
105 2477 7 12 a
119 2477 2 19 i

106 2498 31 13 men
144 2457 4 54 i
158 2491 34 19 tkit
203 2497 26 11 ',int
229 2497 6 11 ,
246 2491 18 17 to
276 2494 35 15 say,
327 2486 30 19 the
371 2487 78 17 umets.re
462 2483 34 19 haul
509 2481 72 19 decitleil
589 2485 50 19 limn
664 2474 67 19 fusion.
739 2478 34 13 aue
784 2472 58 19 voices
850 2457 4 54 :
889 2472 59 18 Never
961 2471 50 18 mind
1024 2470 46 18 that.
1081 2457 2 54 •
1090 2457 1 54 •
1128 2470 60 15 T•t7
1198 2457 1 54 .
1208 2474 12 9 ~
1250 2465 50 25 ,laye.
1332 2463 64 20 Meer.
1404 2461 57 17 hear.)
1496 2459 28 19 He
1533 2459 78 21 thought
1622 2459 51 17 thtwe
1682 2463 35 12 was
1724 2457 61 17 shown
1798 2461 11 11 a

107 2517 22 18 11.
142 2523 9 9 is
157 2517 27 15 ton
191 2523 18 7 i.-
217 2515 28 15 the
259 2511 67 20 sterilise
326 2511 8 20 .
348 2510 51 21 point
413 2509 20 18 of
448 2506 100 20 reanetiou,
562 2506 32 17 but
608 2504 31 19 the
665 2499 21 18 be
693 2498 24 19 all
726 2504 41 15 very
777 2497 45 20 well,
830 2496 33 18 bat
873 2496 15 18 is
896 2496 15 18 it
920 2493 41 19 wise
977 2496 21 15 to
1012 2496 32 15 eut
1055 2493 25 18 oe•
1093 2499 32 11 -me
1155 2502 15 2 .-
1182 2502 9 4 -
1207 2476 4 59 •
1222 2476 1 59 ,
1252 2486 52 18 eenet
1312 2485 19 19 of
1338 2485 132 19 one.sidedness
1483 2483 41 19 that
1540 2481 31 19 ,lid
1584 2483 32 17 not
1632 2476 92 24 commgd
1733 2478 50 20 itself
1791 2480 18 17 to

107 2544 31 12 men
145 2537 57 18 ...les
210 2537 26 14 ..,•si
244 2536 38 15 that
289 2533 67 18 ',Muir,
366 2532 77 17 heeiteee
452 2530 13 18 it
475 2537 34 9 wee
517 2529 73 17 obviees
599 2528 41 17 thit
666 2522 46 22 spite
719 2528 34 11 our
762 2522 22 15 la
784 2522 11 15 ,
795 2522 12 15 .
837 2519 65 20 (Hear,
912 2518 56 19 hear.)
992 2517 40 18 Ido
1039 2522 31 12 net
1081 2524 27 7 -•,
1121 2523 6 9 s
1137 2505 2 51 .
1161 2523 11 7 e
1252 2506 30 22 the
1291 2510 53 21 spirit
1352 2510 19 17 of
1378 2509 37 17 Mir
1423 2509 46 21 play.
1495 2507 64 20 (Iteer,
1567 2505 59 20 hear.)

107 2561 47 17 while.
162 2558 40 18 mei-
211 2557 32 17 :eel
250 2557 43 17 hen
302 2555 38 18 sold
348 2557 20 14 sit
385 2555 27 15 is.
426 2558 32 15 per
468 2555 31 15 ton
508 2557 48 14 upon
565 2550 31 17 tee
621 2550 19 15 et
666 2544 65 20 engine
739 2549 40 11 men
789 2542 46 17 shall
843 2548 20 11 or
870 2539 46 18 ellen
926 2542 31 15 not
965 2544 50 13 come
1023 2539 37 18 out,
1070 2539 32 15 eut
1111 2538 6 17 1
1129 2544 11 9 e
1146 2538 27 15 _eel
1182 2526 2 51 I
1195 2544 26 13 -,,..,
1273 2533 34 17 Mr.
1318 2531 102 20 Mouutjoy,
1436 2530 91 20 referring
1541 2531 19 14 to
1574 2529 32 15 the
1622 2528 65 18 notice,
1703 2526 39 18 said
1749 2526 22 17 he
1783 2531 26 12 re.

107 2583 51 18 banks,
165 2581 26 17 the
198 2585 35 11 leen
240 2578 33 18 leie
279 2578 30 18 not
315 2576 34 19 MO
356 2576 48 18 their
411 2574 136 22 proportionate
555 2568 69 21 nevane
630 2577 9 11 e
666 2565 26 18 let
699 2571 20 12 nt
729 2563 83 20 coeeider
819 2563 32 18 the
859 2564 74 15 matter.
956 2562 64 21 (Hear,
1029 2561 56 20 hear.)
1104 2559 52 17 'Thee
1165 2559 8 17 I
1182 2559 45 17 have
1238 2549 2 52 •
1253 2555 65 18 turned
1326 2555 45 15 from
1380 2552 107 18 couference
1495 2557 21 11 ou
1526 2551 31 17 the
1566 2550 66 20 feebley
1639 2550 89 20 morning,
1736 2549 53 15 when
1800 2552 11 12 a

110 2606 19 18 At
135 2610 9 12 a
150 2604 44 18 forms
201 2609 6 12 ,
215 2602 73 20 meeting
295 2601 20 18 in
328 2601 52 17 front
393 2598 19 17 of
426 2597 32 18 the
471 2596 69 22 Speech
549 2595 67 18 lions,
630 2600 12 11 a
667 2595 11 12 a
686 2588 48 18 wool
742 2587 30 18 for
780 2587 31 17 the
817 2585 54 22 betty
881 2590 47 14 men,
937 2583 37 19 and
981 2583 8 18 I
1003 2583 58 18 wonla
1069 2588 44 17 urge
1121 2588 48 15 upou
1178 2582 50 17 them
1252 2576 54 19 letter
1315 2576 77 20 as:rivee,
1401 2575 65 21 asking
1475 2574 35 17 him
1520 2575 20 15 to
1547 2574 46 15 meet
1602 2571 31 18 the
1639 2570 100 22 employers
1748 2576 22 11 on
1780 2569 31 17 the

110 2628 79 19 resolution
197 2631 30 11 w.s
234 2623 61 24 paesed
302 2626 19 15 to
338 2622 30 19 the
381 2622 25 18 elf
452 2620 40 19 that
502 2620 35 18 Ids.
547 2616 51 19 shoal
606 2615 35 20 Ibe
667 2611 35 18 and
711 2610 31 18 the
751 2615 94 15 teanagere
854 2609 47 17 from
908 2607 39 18 this
956 2607 44 18 time
1010 2606 44 18 the!
1064 2606 52 17 when
1129 2610 11 12 a
1157 2610 41 12 man
1208 2609 20 13 or
1253 2598 92 21 following
1352 2597 40 18 aay.
1413 2597 28 18 He
1449 2598 54 18 went,
1512 2596 35 18 and
1556 2601 37 12 ow
1599 2594 33 18 the
1639 2593 92 19 chnirman
1741 2591 19 19 of
1765 2591 47 18 their

78 2615 2 54 ,
111 2650 25 17 the
142 2649 43 17 bee,.
193 2654 18 11 :e.:
217 2615 5 54 I
234 2648 35 17 this
282 2647 20 17 he
315 2644 81 18 believe•l
411 2646 19 15 Ii
444 2643 21 17 be
478 2643 38 20 inet
529 2641 34 18 ane
576 2641 38 15 fair
621 2642 20 14 to
667 2635 35 26 bey
723 2640 30 11 re.
763 2635 20 14 iii
803 2630 73 19 eimetlf
885 2630 30 18 for
926 2629 50 19 work
985 2629 41 18 that
1033 2628 44 22 they
1084 2628 39 21 nek,
1150 2628 37 17 Are
1193 2633 35 15 yon
1254 2622 61 20 union,
1324 2622 34 18 but
1365 2616 104 22 discovered
1476 2620 41 17 that
1526 2619 15 18 it
1554 2623 37 12 was
1599 2615 102 24 impossible
1709 2616 20 17 to
1736 2621 64 12 comma-

77 2637 1 54 :
112 2672 35 17 buth
154 2674 38 18 lam,
202 2680 9 6 ..
220 2668 33 18 and
262 2667 56 18 which
326 2667 59 18 would
393 2667 51 15 hei,ve
455 2666 32 15 the
494 2663 99 21 employers
602 2667 39 12 eon.
667 2656 60 21 joinee
736 2656 19 17 in
764 2654 60 20 nelem
834 2654 35 17 mei
878 2654 19 15 to
905 2653 50 17 what
966 2652 53 21 lodge
1042 2652 19 15 to
1080 2656 35 15 you
1254 2646 59 17 nieate
1320 2644 45 17 with
1381 2644 31 17 the
1428 2648 41 12 men
1486 2641 24 18 sill
1526 2647 41 12 over,
1584 2641 31 17 flue
1622 2640 78 20 district,
1709 2637 35 18 and
1753 2643 60 12 cone,

112 2693 72 17 selereblv
195 2693 51 14 leeter
260 2691 25 17 off
300 2689 48 17 them
364 2688 43 19 they
426 2693 45 11 were
487 2687 43 15 four
536 2689 53 17 years
602 2688 39 15 3ga.
669 2679 44 19 also,
720 2681 11 5 -
739 2679 39 15 Can
787 2681 37 15 yon
830 2675 48 18 show
887 2680 12 12 a
907 2674 73 20 paisl-np
989 2673 57 17 turd?
1098 2673 64 19 (Hear,
1170 2672 58 19 hear.)
1254 2667 74 21 quently
1338 2666 41 21 they
1396 2670 46 11 were
1449 2665 66 17 unable
1525 2665 19 15 to
1552 2662 61 21 accept
1624 2661 32 19 the
1664 2662 76 15 masters
1748 2660 65 17 invite.

113 2714 52 21 (Hear,
174 2713 34 18 hen'
210 2726 7 4 e
249 2712 43 18 This
305 2711 59 18 notiee
372 2709 19 18 of
404 2709 31 17 the
448 2709 78 15 miteters
534 2706 74 20 expired
620 2711 22 11 on
669 2700 51 17 'Then
728 2699 52 17 there
785 2704 32 11 are
824 2701 56 17 m:sny
887 2695 41 18 who
935 2700 31 12 urn'
979 2700 19 12 as
1006 2694 39 20 lege
1052 2695 19 15 to
1080 2694 31 17 the
1119 2694 63 19 union,
1189 2694 39 18 rig.,
1254 2688 54 18 tions.
1332 2687 64 20 (Hear,
1404 2687 58 19 hear.)

116 2737 57 22 Fretee,
180 2735 27 18 end
215 2735 18 18 he
241 2734 34 18 lied
283 2734 44 18 hem
340 2733 53 22 given
406 2733 19 17 to
437 2730 112 19 sueleressind
557 2728 22 18 ho
589 2733 54 15 teeny
669 2722 32 17 the
709 2720 135 19 drsmkard.thss
853 2718 93 21 sluggard.
954 2717 37 18 and
999 2717 31 17 the
1043 2715 99 18 nonemion
1150 2720 17 12 to
1179 2720 18 13 n.
1221 2714 8 18 I
1278 2709 35 18 Mr.
1323 2709 81 20 13aggott
1411 2707 64 19 moved
1482 2714 27 11 :-

77 2670 7 83 1

1590 2715 5 5 •

1273 2733 44 14 That
1322 2727 125 22 leinugreeard
1454 2732 18 14 to
1479 2730 30 15 the
1515 2728 46 17 short
1569 2728 54 15 notice
1630 2727 18 17 of
1654 2727 30 17 the
1690 2726 79 22 proposea
1776 2731 38 11 One

80 2738 4 40 1
115 2760 17 18 of
136 2759 24 19 the
165 2765 32 13 men
204 2759 33 18 eat
248 2759 14 18 if
269 2758 77 20 nothiug
354 2763 34 11 wee
405 2760 34 13 ions
452 2754 80 18 between
541 2752 61 21 toelay
608 2751 35 18 and
670 2751 30 13 ant
706 2745 20 18 of
733 2744 73 22 opinis•n
817 2743 40 18 that
872 2746 53 17 every
941 2746 61 17 young
1015 2745 43 12 men
1072 2739 19 18 in
1107 2739 32 18 the
1156 2738 73 18 tlietriet

1256 2752 64 17 femme
1326 2752 73 15 between
1406 2748 136 21 npreseetatires
1554 2748 18 15 of
1581 2747 30 17 the
1620 2752 38 12 men
1665 2748 32 14 and
1704 2746 30 17 the
1741 2746 67 15 masters

115 2783 25 19 the
163 2784 21 17 IA
204 2784 15 15 ef
239 2781 47 21 elay.
304 2787 12 11 is
341 2778 74 25 general
443 2777 91 19 cesse,tion
553 2776 19 18 of
595 2774 50 17 work
670 2766 141 25 ohttoughea‘
810 2766 20 18 de
839 2766 20 18 to
887 2765 33 17 t
920 2765 12 18 d
951 2764 11 18 fte
963 2770 18 13 sanor
999 2765 20 15 a
1056 2757 139 24 atth
1102 2769 26 11 wo
1140 2769 20 11 or
1175 2767 52 12 tree
1241 2757 2 46 ;

1241 2757 2 34 ,
1256 2772 39 17 that
1299 2772 30 15 the
1333 2776 38 11 men
1377 2771 40 19 keep
1424 2774 21 11 on
1456 2769 76 19 working
1543 2771 18 13 nt
1570 2769 30 15 the
1610 2769 66 18 present
1685 2769 35 14 mte
1733 2766 17 17 of
1762 2771 25 11 wa
1799 2757 17 24 e'

117 2805 43 18 smell
178 2804 57 18 vene.
269 2804 85 20 (Cheere.)
390 2802 41 20 Thee
431 2802 11 20 -
472 2802 48 15 mnet
543 2802 33 13 not
602 2798 43 15 eds.
671 2791 73 19 motithe
752 2791 14 17 if
776 2790 54 18 neves
837 2790 22 15 be
868 2787 19 25 wi
887 2787 9 25 t
896 2787 9 25 h
906 2787 9 25 e
915 2787 9 25 ,
925 2787 11 25 !
935 2787 11 25 t
980 2786 7 18 i
996 2786 8 18 f
958 2777 38 27 ai
1005 2791 38 13 rom
1058 2785 15 19 fh
1074 2785 7 19 t
1081 2785 8 19 t
1104 2785 61 19 uhion,
1182 2791 48 11 morn
1243 2771 2 53 1
1257 2791 44 15 mita
1306 2791 30 15 the
1342 2791 70 14 limiters
1417 2790 44 14 have
1467 2790 34 14 met
1508 2789 27 15 the
1546 2787 104 19 deploation.
1788 2771 11 14 g
1808 2771 7 9 '

118 2825 84 18 mulentand
231 2825 34 17 hi,,,
300 2824 74 17 becanse
410 2824 22 14 he
471 2820 35 17 had
540 2822 33 15 not
607 2818 39 17 said
671 2819 46 15 rape'
724 2812 24 17 sal
776 2811 113 19 coneidering
899 2810 48 15 their
959 2810 46 20 good
1019 2813 59 14 wages
1091 2809 50 15 since
1150 2807 48 17 le7O.
1221 2806 24 17 I,
1258 2811 28 17 He
1293 2811 35 15 hail
1337 2810 64 17 moved
1414 2809 37 17 this
1462 2807 99 17 resolution
1571 2807 19 17 in
1598 2806 53 18 order
1658 2807 20 17 to
1685 2805 50 18 show
1743 2805 30 18 the
1781 2811 34 9 ens•

119 2851 18 14 vo,
142 2848 56 15 seitler
204 2845 58 18 elmuld
269 2845 22 18 he
300 2845 47 17 whin
347 2845 13 17 ,
370 2844 50 18 them
432 2844 20 15 to
464 2843 44 15 take
521 2842 41 15 that
576 2844 69 12 eouree.
672 2841 28 9 tea
710 2835 43 20 glad
761 2837 19 13 to
793 2832 52 17 know
852 2831 41 17 that
908 2836 48 11 some
973 2830 45 15 have
1033 2830 48 15 theit
1097 2830 51 15 .1...0
1167 2828 18 17 is,
1201 2829 31 15 the
1244 2822 2 44 1
1257 2831 71 20 ployere
1339 2830 43 17 that
1396 2830 47 19 they,
1452 2830 32 15 the
1492 2835 47 14 men,
1547 2835 46 9 were
1600 2828 70 17 willing
1681 2829 19 15 to
1710 2826 51 17 work
1769 2825 47 17 until

672 2856 120 17 bauk-eome
802 2858 47 12 moro
857 2851 37 18 :ma
901 2851 61 18 otls,e,
971 2850 20 18 I.•
991 2850 7 18 e
998 2850 14 18 s.
1036 2850 9 17 1
1054 2855 6 15 5
1059 2855 27 15 ,,,,
1087 2855 7 15 s
1101 2850 7 15 t
1108 2850 7 15 r
1115 2850 17 15 il
1140 2855 37 15 you
1183 2849 48 17 what
1258 2851 43 19 both
1310 2851 47 18 sitless
1365 2851 37 18 met
1410 2846 35 21 :del
1454 2850 104 18 consiacrel
1567 2850 31 17 the
1606 2854 39 12 case
1655 2849 19 15 in
1682 2849 79 20 dispute.

124 2869 47 18 Rebel
178 2869 21 18 tol
207 2861 4 26 i
219 2868 45 18 them
273 2868 48 18 what
328 2867 22 18 he
360 2865 33 19 hail
404 2864 61 21 heard,
474 2863 37 19 and
517 2863 22 18 he
546 2861 102 18 w,,111,1a150

122 2891 24 18 all
150 2893 34 20 that,
191 2898 27 11 ate:
226 2891 54 21 wiling
286 2893 19 17 to
313 2890 31 18 the
350 2889 50 22 oldisi
405 2896 18 11 i.
432 2888 20 19 of
465 2893 47 12 sem°
527 2891 28 12 me
555 2891 14 12 ,
582 2884 20 18 in
615 2884 32 18 the
672 2878 33 19 has
712 2883 51 13 come
771 2881 19 14 ts
798 2882 28 17 my
836 2874 105 22 knowledge
950 2874 18 18 in
976 2874 71 22 respect
1061 2874 19 17 to
1093 2871 31 18 the
1131 2870 73 24 eavings
1214 2870 20 19 of
1280 2875 39 18 The
1326 2874 59 22 Agent
1394 2872 39 19 said
1441 2872 21 18 he
1470 2871 66 19 wished
1544 2872 20 18 to
1572 2871 34 18 add
1613 2871 20 18 to
1648 2870 31 19 the
1695 2869 110 19 reolution-

120 2915 54 17 detect.
183 2915 18 17 th
208 2891 2 40 .
219 2915 54 17 ,letiee
279 2921 13 9 o
295 2914 35 17 (uld
347 2915 32 15 not
392 2910 31 21 cx,.1
423 2910 6 21 ,
429 2910 25 21 ....
470 2909 53 22 quick
540 2908 72 18 enfnmh
628 2909 19 15 to
673 2908 33 11 one
715 2901 57 18 inhei
778 2900 43 18 Inel.
835 2900 15 15 A
862 2897 63 22 conple
932 2896 20 19 of
959 2902 52 17 years
1019 2902 34 15 ago
1062 2902 9 11 a
1080 2895 69 19 certain
1156 2895 73 18 Cinder.
1277 2897 45 15 'nest
1329 2896 30 15 the
1365 2897 46 14 feast
1414 2901 9 9 .1
1423 2891 5 40 .
1428 2901 6 9 3
1440 2896 43 14 Sil.ii
1491 2895 39 14 tAkk.
1537 2895 34 14 this
1579 2898 18 11 es
1604 2897 8 12 a
1619 2894 52 14 notice
1678 2893 44 21 from
1730 2891 26 14 Si,,
1767 2891 51 14 men's
1828 2891 1 40 •

119 2936 46 17 *Mk
171 2936 27 17 the
206 2936 53 17 le,iele
267 2935 19 18 of
296 2935 32 18 the
335 2941 47 11 men.
416 2934 27 15 He
452 2933 35 17 had
496 2931 46 17 been
556 2927 91 20 iefOrmel
673 2923 41 18 ford
723 2923 37 17 colli
759 2923 8 17 ,
776 2928 8 11 r
797 2928 33 11 ene
840 2921 35 20 day
883 2926 37 11 Raw
928 2920 32 17 the
967 2920 43 15 wife
1018 2921 18 14 ot
1043 2924 11 11 a
1062 2917 81 18 latellord
1153 2920 30 19 get
1195 2916 39 18 into
1259 2917 72 15 meeting
1339 2915 56 19 to-day
1404 2915 39 14 that
1456 2915 28 14 the
1491 2915 51 14 agent
1550 2915 13 13 is
1571 2914 30 14 not
1607 2910 126 19 empoweeedqo
1741 2910 35 18 give
1786 2914 33 14 any

119 2962 26 12 use
152 2954 38 21 tied.
197 2959 20 15 to
228 2957 28 18 the
263 2962 110 15 consomme
379 2962 13 11 se
400 2955 11 14 I.
419 2930 2 47 •
431 2954 48 18 what
488 2954 43 20 they
536 2957 48 15 logy,
594 2952 53 15 tithe
673 2946 33 17 her
738 2946 30 15 11m
769 2943 9 18 -
778 2943 58 18 band's
874 2943 47 19 teem
950 2941 91 17 bedeckea
1069 2940 19 17 in
1115 2944 9 11 a
1153 2939 8 21 ,
1161 2939 8 21 I
1169 2939 65 21 ,leadia
1272 2935 37 15 01.
1310 2930 4 47 0..
1313 2935 54 13 Aotiee
1375 2935 57 17 except
1436 2934 39 14 that
1482 2933 65 15 &Tido]
1556 2935 43 14 aeon
1606 2930 63 18 toetey.

118 2985 59 13 masters
195 2980 69 18 ael.ered
279 2981 20 17 to
315 2979 48 18 deer
379 2985 6 11 r
385 2985 7 11 ,
400 2987 6 5 -
416 2978 63 17 •letron
491 2981 11 12 n
515 2974 59 19 strike
589 2973 58 18 walaa
673 2967 59 18 velvet

763 2966 17 22 •M
780 2966 44 22 elret
854 2963 65 21 which,
953 2963 73 17 som
1026 2961 22 22 ay
1050 2962 28 18 elm
1078 2961 99 21 whieperee
1213 2961 8 17 i
1221 2961 9 17 n
1281 2954 53 17 orTh
1336 2953 90 18 esolution
1436 2957 38 11 wes
1488 2950 76 18 carriea.

118 3001 52 19 1011...
190 3002 19 18 11.
222 3002 27 18 :lid
256 3005 31 15 not
302 3000 110 20 recommend
428 3000 38 18 this
478 3005 53 11 roars
531 3005 11 11 ,
549 2969 5 51 i
572 2996 40 17 but.
628 3001 19 12 n:
673 2991 28 18 his
725 2995 37 13 ear,
790 2989 40 17 Coq
859 2987 31 18 tell
921 2986 74 21 pound?.
1042 2983 39 18 The
1110 2989 47 12 men.
1193 2982 41 18 who
1283 2976 37 18 Mr.
1328 2974 76 20 Charles
1409 2973 80 19 'Jenkins
1504 2973 44 18 then
1567 2972 70 21 moved,
1655 2970 37 18 and
1703 2969 35 18 Mr.
1756 2969 64 21 Henry

118 3025 79 17 chairman.
206 3025 19 17 he
230 3025 31 18 felt
269 3026 14 15 it
292 3025 30 17 his
328 3025 45 20 duty
381 3026 19 14 to
411 3022 80 17 tnention
504 3021 14 17 it
528 3022 18 15 to
553 3020 32 17 the
593 3020 54 15 meet.
673 3013 37 18 had
729 3013 45 17 been
794 3017 11 11 a
823 3013 53 19 great
895 3008 99 20 ilninkard,
1012 3007 45 20 sail,
1093 3007 52 19 Well,
1154 3007 50 17 there
1221 3006 13 15 is
1247 2994 1 51 ,
1260 3000 56 18 Jones
1325 2998 92 20 seconeed,
1427 2996 31 18 the
1465 2996 44 17 next
1517 2994 99 19 resolution
1626 3001 26 11 (-

85 3028 1 40 '
118 3046 27 21 itg.
165 3047 99 21 (Apelease.)
289 3046 69 18 Whilst
370 3046 22 17 he
402 3046 30 15 eid
439 3046 32 15 not
485 3041 115 19 recommend
617 3040 32 18 the
673 3040 31 17 my
712 3034 38 18 Sal.
758 3033 32 18 she
797 3033 33 18 Itio
839 3032 64 17 hardly
912 3038 9 9 a
931 3032 50 15 drese
989 3032 18 14 te
1023 3030 66 17 we-sr.'
1115 3028 28 18 He
1156 3028 78 19 thought

1247 3025 1 28 ,
1248 3025 1 28 I

1261 3020 14 35 .t
1276 3020 7 35 T
1283 3020 14 35 o.
1297 3020 37 35 liflt
1333 3020 7 35 t
1341 3020 14 35 ia
1355 3020 7 35 ,
1362 3020 7 35 t
1369 3020 7 35 ,
1376 3020 7 35 Z
1383 3020 7 35 u
1390 3020 31 35 ejrl
1421 3020 7 35 y
1428 3020 8 35 t
1436 3020 8 35 ,
1444 3020 17 35 (7
1461 3020 8 35 ,
1469 3020 8 35 7
1483 3018 19 34 gr
1502 3018 9 34 o
1512 3018 28 34 ler
1540 3018 9 34 i
1550 3018 19 34 tg
1569 3018 9 34 o
1578 3018 19 34 vr
1597 3018 9 34 ,
1606 3018 9 34 3
1616 3018 9 34 w
1625 3018 39 34 llre

1675 3014 7 33 .
1682 3014 15 33 nn
1697 3014 7 33 ,
1704 3014 32 33 able
1743 3015 18 14 to
1768 3013 53 15 ewive

1676 3039 8 11 e
1728 3039 9 9 o
1779 3038 8 9 r
1792 3033 30 14 the

119 3073 30 13 men
159 3071 17 15 te
187 3070 57 18 etre,.
256 3070 22 18 be
294 3069 59 18 would
369 3074 31 15 say
415 3065 85 22 candidly
510 3065 37 18 ilea
556 3064 92 21 fearlesely
673 3064 44 15 very
726 3056 87 22 seriously
822 3059 47 18 nimn
878 3050 32 21 the
918 3054 72 19 matter,
999 3057 48 13 went
1061 3052 52 17 home
1129 3051 34 18 :IPA
1179 3051 56 17 act,.
1247 3035 2 54 ;
1261 3046 58 32 dispute
1319 3046 8 32 '
1335 3060 18 13 to
1358 3044 57 30 athitm
1415 3044 9 30 '
1424 3044 77 30 tionethe
1511 3056 70 14 mieters
1591 3056 18 14 to
1619 3040 33 33 pnY
1659 3035 6 33 o
1665 3035 6 33 '
1671 3035 13 33 ne
1684 3035 6 33 r
1690 3035 6 33 .
1696 3035 6 33 '
1702 3035 13 33 ba
1715 3035 7 33 t
1722 3035 14 33 lt
1748 3039 33 28 mei
1792 3052 30 14 the

118 3091 31 18 that
158 3092 26 17 tLe
193 3092 28 21 pre
221 3092 9 21 e
230 3092 39 21 esed
278 3092 22 18 25
308 3098 31 15 per
346 3093 47 15 cent.
403 3097 12 9 es
423 3090 73 17 emt)en
509 3094 35 9 was
553 3093 24 11 au
586 3086 63 21 nujnet
673 3079 61 19 mince
743 3079 41 18 that
794 3079 21 17 Ise
830 3077 59 19 would
904 3076 41 22 give
960 3081 24 15 up
999 3074 92 20 arinking,
1101 3073 57 18 which
1167 3073 22 18 he
1195 3072 38 19 am.
1263 3077 27 17 ,n
1280 3083 19 9 ea
1306 3078 30 14 the
1342 3077 48 15 ether
1397 3076 35 15 h.ar
1449 3076 40 15 here
1495 3074 18 17 of
1441 3080 6 9 g
1519 3074 27 15 the
1552 3078 74 15 expenee.

119 3113 83 21 thisg.nal
209 3115 27 17 tee
243 3115 39 20 only
292 3119 38 15 way
343 3115 20 15 to
378 3118 47 15 pree.
432 3115 20 14 at
468 3109 143 20 disaster-and,
627 3109 21 17 he
674 3104 35 17 and
719 3109 39 11 now
765 3102 27 17 hi.:
802 3100 41 17 wife
852 3105 37 12 Was
900 3098 112 21 reepeerohly
1020 3097 45 18 eltia.
1077 3097 27 17 his
1120 3097 56 17 house
1191 3102 46 11 eon,
1248 3093 2 41 !
1285 3097 73 19 Can•iee
1368 3094 132 22 unanimoudy.

117 3136 46 17 senile
170 3137 34 17 :eel.
213 3136 148 18 destruetiou-in
369 3135 31 17 the
410 3135 64 15 Foreet
482 3133 19 17 of
513 3132 58 19 Wan,
578 3137 37 11 mas
620 3131 28 17 for
674 3124 81 20 forteldy
764 3123 100 18 fneniehed,
874 3122 60 15 whilst
943 3122 21 15 he
980 3120 34 17 hal
1032 3119 20 18 et
1052 3119 31 18 10)
1102 3118 54 18 awed
1172 3118 19 17 in
1207 3118 31 17 the
1250 3116 1 38 ;
1285 3124 34 17 Mr.
1326 3124 50 15 John
1384 3122 124 22 Iloages,telm
1515 3126 34 11 was
1556 3120 79 17 received
1642 3120 43 17 with
1691 3117 130 24 lond'applanse

118 3157 22 18 tle
149 3159 65 15 seeders
222 3163 18 12 so
248 3158 90 17 witkleaw
346 3157 47 18 their
402 3156 76 18 notices.
502 3154 87 22 (Cheeree
608 3152 44 19 I'm;
677 3146 102 18 Posbotlieb
784 3144 69 19 Saving
865 3144 60 17 Bank.
947 3142 59 18 There
1015 3142 15 15 is
1039 3142 39 15 also
1091 3141 31 17 the
1136 3141 41 17 lane
1187 3145 51 15 quo,.
1250 3135 2 41 :
1264 3146 44 17 Sail
1317 3146 13 17 it
1339 3151 34 11 was
1382 3150 9 11 a
1406 3144 43 19 long
1462 3144 43 15 time
1521 3144 46 14 sin,
1577 3143 22 15 he
1612 3142 37 17 luta
1657 3143 34 14 had
1700 3135 38 22 the'
1750 3142 70 15 leaeure

117 3178 17 18 he
141 3183 51 14 nisei:l
200 3181 21 17 we
221 3181 11 17 e
231 3181 11 17 t
250 3181 21 17 he
280 3181 43 17 eaia.
331 3180 35 18 and
373 3178 14 18 11,
387 3178 6 18 ,
400 3177 60 19 WOlOll
469 3176 35 19 :tied
511 3176 41 18 that
560 3176 50 17 when
617 3175 32 17 the
674 3172 40 14 lion
726 3168 57 18 which
794 3168 31 15 leo
837 3164 65 19 caused
917 3170 21 12 so
952 3163 53 19 much
1020 3163 139 18 incenvenienee
1175 3163 20 15 in
1207 3162 31 17 the
1264 3169 19 15 of
1290 3168 69 21 joinine
1365 3167 28 17 h,io
1402 3165 73 18 troll,,r
1482 3170 65 12 stoners
1556 3170 19 11 in
1583 3170 44 15 npn
1645 3170 15 11 lc
1669 3164 79 18 misetme
1759 3163 18 15 of
1783 3163 38 15 tins

118 3202 92 18 witherewel
219 3203 39 18 took
267 3202 53 22 place,
328 3202 31 18 the
373 3208 40 11 men
430 3200 48 19 Sllolll
478 3200 7 19 ,
485 3200 7 19 l
506 3200 21 15 to
543 3197 74 18 alloyrre
631 3198 19 17 to
677 3193 57 17 Fore
725 3193 17 17 et
751 3190 77 18 eietdet
852 3189 9 17 1
869 3194 28 12 :am
912 3193 40 12 now
967 3187 41 22 glee
1024 3188 20 15 to
1059 3184 32 18 tell
1106 3190 37 17 you
1148 3184 41 18 that
1196 3184 41 18 thitt
1265 3191 97 17 ammeter.
1385 3189 27 17 He
1429 3188 35 18 had
1481 3194 21 11 no
1519 3187 56 17 &etre
1591 3191 20 12 or
1625 3185 89 17 intention
1727 3187 19 15 to
1755 3189 66 18 oceupy

83 3207 2 40 •
119 3224 38 17 with
165 3226 24 15 for
195 3231 30 11 em
237 3226 60 17 ssionth
313 3226 61 21 longer
386 3229 20 12 et
419 3223 33 18 the
465 3222 30 19 old
504 3224 35 15 rete
540 3224 9 15 ,
585 3221 64 19 tHear,
674 3216 69 17 matter
751 3214 32 17 has
791 3214 18 15 at
817 3211 65 21 length
889 3210 45 18 been
943 3210 57 17 taken
1012 3215 31 14 up,
1058 3208 37 18 end
1109 3208 31 18 the
1156 3208 78 17 Govern-
1264 3214 48 17 their
1326 3213 44 15 time
1384 3214 20 14 at
1420 3216 34 17 any
1469 3209 69 20 length.
1551 3209 35 17 and
1599 3209 65 17 should
1678 3208 41 21 only
1734 3213 48 15 soya
1791 3207 33 17 few

119 3247 41 17 Mare
184 3248 24 15 He
217 3254 11 11 ,
228 3254 11 11 t
239 3254 11 11 s
259 3248 93 21 perm:Med
360 3248 39 17 that
410 3248 14 15 if
436 3247 31 17 the
476 3246 74 15 impasses
557 3243 31 18 del
601 3242 46 18 stiek
676 3240 51 14 scent
735 3236 46 18 have
788 3233 99 20 coneenteil
894 3235 20 15 to
921 3233 31 17 the
960 3231 125 22 appointment
1100 3229 19 19 of
1136 3235 9 12 a
1157 3229 81 18 commie.
1265 3235 56 18 words
1330 3241 19 9 ns
1361 3234 126 20 Appertaining
1499 3235 19 13 to
1531 3231 31 17 the
1574 3231 86 21 proposed
1674 3229 97 18 rednetion.
1795 3229 26 17 He

118 3269 35 20 Its°,
161 3268 27 19 the
196 3275 14 12 tis
222 3275 9 12 et
241 3275 43 12 were
292 3269 48 21 quite
347 3276 20 11 (te
374 3275 41 12 e..re
424 3268 20 19 of
449 3267 81 20 sticking
536 3268 40 15 true
582 3272 20 11 ila
607 3266 43 21 they
676 3260 45 18 sion.
735 3265 20 12 so
771 3259 40 17 that
826 3262 26 12 We
868 3261 40 17 may
925 3260 41 13 now
980 3254 41 18 look
1038 3253 93 18 forward
1131 3252 45 18 with
1192 3256 47 12 some
1265 3259 48 21 quite
1330 3256 64 19 mreee
1410 3255 43 17 with
1468 3254 47 18 their
1524 3255 53 19 amid
1586 3254 39 15 that
1639 3253 31 17 the
1685 3253 60 15 action
1759 3252 19 15 of
1793 3250 31 17 the

118 3295 40 13 wee.
180 3293 59 18 (thee.
248 3293 54 18 hoar.)
327 3293 27 15 He
361 3299 34 18 wee
406 3292 54 17 esked
471 3291 32 17 the
519 3289 52 18 other
583 3289 34 20 day
627 3287 22 22 by
677 3281 115 22 hopefalne-e
800 3280 41 18 that
856 3279 31 17 the
899 3278 78 22 position
986 3276 19 18 of
1013 3276 31 18 the
1052 3275 83 19 workiee
1141 3274 13 18 m
1154 3274 39 18 ese
1193 3274 14 18 ,
1220 3274 9 17 i
1230 3274 9 17 n

1266 3275 79 21 masters'
1350 3285 34 11 was
1391 3285 19 9 :.
1419 3278 53 17 much
1480 3276 79 18 directed
1567 3278 18 15 at
1593 3276 31 17 the
1649 3275 47 17 lithe
1680 3274 25 17 l
1704 3275 57 15 maete

118 3318 43 13 alas'
174 3314 35 17 who
217 3314 32 17 kel
257 3314 64 20 Charge
328 3314 19 17 of
358 3320 9 11 a
376 3320 34 12 R,I.
416 3314 39 21 ling
463 3313 71 20 omen°,
543 3312 48 17 whit
607 3311 43 21 they
677 3306 52 15 Donn
739 3304 63 22 FOroSt
810 3307 39 15 rne)
861 3307 28 12 ere
898 3300 44 20 long
948 3300 22 17 be
986 3299 98 21 imeroved.
1109 3298 64 21 (Hear,
1182 3296 57 19 hear.)
1266 3302 20 18 ta
1287 3301 39 18 i,lll
1326 3301 8 17 e
1335 3301 9 17 l
1344 3301 28 17 Ves
1381 3312 20 6 ......
1380 3300 19 12 .n,

1317 3308 93 9 s,u
1419 3299 32 21 111
1450 3299 109 21 Co-namely,
1567 3299 40 15 that
1619 3298 43 21 they
1676 3296 56 17 would
1746 3296 13 15 if
1767 3295 54 22 possb

119 3334 30 21 (the
156 3337 73 18 tearite•ie
242 3337 18 18 n)
272 3343 44 11 Wer,
324 3338 18 15 to
350 3337 26 17 mlO.
412 3337 32 17 His
458 3334 51 22 reply
517 3340 41 14 WaS,
572 3333 47 18 ''Do
631 3339 20 11 aS
678 3326 65 19 Before
752 3326 7 18 I
769 3326 54 20 brir.g
835 3328 30 18 my
873 3321 81 18 remarks
963 3324 20 15 to
991 3326 11 13 a
1012 3320 46 19 close
1067 3320 25 18 let
1101 3326 28 11 me
1137 3319 47 18 refer
1194 3319 27 17 fee
1230 3325 12 11 a
1266 3325 26 17 lilt
1302 3326 30 15 try
1339 3324 35 15 sail
1383 3325 58 20 stemp
1456 3322 32 17 out
1505 3321 31 17 the
1552 3320 51 17 small
1611 3320 104 20 employer,
1737 3318 48 17 With
1795 3322 13 11 m-

119 3364 26 14 em
151 3359 41 17 hkee
197 3340 2 38 •
234 3359 19 17 in
265 3365 11 11 ii
288 3359 67 17 furtlitT
370 3359 122 18 cre.emeation
506 3358 58 17 which
576 3356 73 21 menel,
677 3352 79 17 moment
763 3351 19 15 ro
789 3347 31 18 the
824 3352 44 17 very
874 3346 67 21 import
947 3346 28 17 nit
983 3344 90 22 question,
1080 3348 31 12 are
1116 3348 34 17 you
1156 3340 84 19 financed
1267 3343 66 26 gardens
1341 3346 31 18 the
1381 3345 86 22 proposed
1475 3344 92 18 ream:thee
1574 3348 25 11 we
1609 3340 103 19 COnSidert.d
1720 3340 40 18 that
1768 3340 13 18 it
1789 3346 35 11 was

119 3379 24 19 the
149 3381 74 19 cueinem
231 3387 17 11 ea
256 3381 43 17 eael.
313 3381 12 17 -
325 3381 35 17 Are
369 3387 18 11 W.
403 3386 17 12 to
437 3381 47 17 like
493 3379 45 19 with
543 3380 48 20 30a?
618 3378 33 18 We
677 3372 89 18 members
780 3372 19 17 of
807 3371 32 17 the
847 3369 56 18 neion
913 3370 7 15 e
954 3366 45 19 This
1007 3366 47 21 morn
1055 3366 12 21 i
1067 3366 25 21 ng
1100 3365 9 19 h
1109 3365 9 19 e
1119 3365 11 19 f
1129 3365 11 19 e
1140 3365 11 19 r
1150 3365 11 19 e
1169 3365 8 18 e
1182 3365 59 20 :eying
1267 3376 9 11 a
1293 3371 124 20 preposterime
1433 3367 83 18 demand,
1531 3372 48 11 more
1594 3365 94 21 especially
1704 3364 60 21 seeing
1782 3363 40 17 that

119 3400 39 18 Wee
165 3404 30 15 Ito
203 3404 20 14 d•
233 3385 4 37 .
246 3410 9 9 e
268 3404 52 15 what
321 3409 34 11 Ter
370 3409 38 11 11...,
420 3404 21 15 he
456 3403 30 17 the
677 3396 52 15 home
743 3400 11 11 a
765 3398 65 17 person
844 3397 51 12 came
911 3392 20 15 to
946 3394 34 14 me,
997 3390 40 15 who
1050 3394 34 11 was
1093 3393 33 12 one
1135 3387 19 17 of
1161 3387 32 17 the
1205 3386 35 18 vie-
1267 3391 48 18 e••als
1331 3396 44 11 were
1384 3391 35 15 16s.
1429 3394 11 11 a
1455 3391 32 14 In
1502 3390 19 14 to
1528 3389 32 15 the
1566 3387 106 17 merchants,
1682 3385 34 18 and
1724 3386 35 15 les.
1769 3385 27 17 41.
1806 3386 19 14 to

119 3423 98 21 (Lame:ter.)
254 3424 32 18 His
301 3424 38 21 (the
351 3424 94 22 speehre's)
459 3424 50 21 reply
521 3429 41 14 was,
576 3422 76 18 "Don't
678 3416 73 19 timisce
758 3420 41 12 teen
813 3415 41 15 that
861 3418 26 12 we
895 3411 73 18 decisive
978 3412 19 17 to
1007 3417 8 20 1
1017 3416 7 15 -
1024 3416 21 15 way
1061 3411 19 15 at
1097 3409 97 21 Drybrook
1206 3409 35 17 last
1267 3413 31 17 the
1306 3413 74 20 country
1393 3411 51 18 trade
1460 3411 18 15 at
1491 3410 31 17 the
1534 3410 44 20 strip
1586 3409 34 17 and
1632 3410 19 14 at
1664 3409 30 15 the
1707 3407 33 22 pit.
1769 3406 18 17 If
1793 3406 31 17 the

119 3445 51 18 Aril..
178 3448 28 17 lint
216 3454 18 11 It-
243 3429 2 41 •
254 3454 43 17 year
304 3454 39 12 own
351 3448 53 17 meet
452 3446 25 18 As
493 3446 48 19 their
554 3444 98 21 cheirman,
678 3438 56 22 week,
743 3436 33 20 :111
776 3436 8 20 ,
784 3436 59 20 1:leked
852 3435 15 19 if
875 3435 27 17 his
911 3439 65 17 money
984 3432 58 18 would
1051 3432 21 18 he
1081 3431 41 24 paid
1130 3431 37 19 him
1176 3437 19 12 or
1202 3431 39 17 not.
1267 3437 63 15 Forest
1339 3435 65 17 miners
1413 3432 50 18 stood
1479 3431 58 22 firmly
1552 3430 141 20 together-end
1708 3429 57 18 which
1773 3433 52 17 every

120 3468 51 19 heft)-
181 3470 13 17 it
202 3470 25 18 his
236 3470 41 21 ditty
286 3472 19 15 to
313 3470 67 18 lennina
393 3470 26 18 tie
426 3476 17 12 in
455 3470 39 17 that
503 3470 52 17 there
567 3474 35 12 w:as
620 3468 31 18 the
679 3463 7 18 I
703 3463 39 18 sitel
813 3464 46 18 yonr
872 3457 53 19 claim
941 3457 17 18 is
973 3457 37 21 just
1026 3462 35 15 you
1077 3455 38 18 will
1126 3455 69 18 receive
1211 3454 31 18 the
1267 3464 41 12 man
1318 3457 87 24 appeared
1413 3457 46 17 lob,
1469 3456 19 17 of
1495 3456 32 17 the
1535 3455 97 21 opinion,s
1639 3456 19 14 to
1665 3454 76 17 do-the
1749 3454 74 15 masters

122 3490 46 18 mind,
177 3491 15 18 of
204 3493 19 17 te
230 3475 2 38 ,
243 3498 38 11 men
289 3495 19 14 to
315 3493 20 17 be
340 3494 59 15 emeel
406 3493 40 17 wed
471 3493 64 20 (Hear,
543 3490 59 19 hear.)
615 3490 38 17 Bat
785 3483 39 17 The
836 3488 43 11 num
888 3481 38 18 told
934 3485 27 11 me
967 3481 40 15 that
1016 3478 51 18 those
1075 3477 98 22 appointed
1181 3481 19 14 to
1207 3483 34 14 pay
1267 3482 59 15 woula
1333 3482 21 14 be
1363 3480 64 17 unable
1435 3481 19 15 to
1469 3477 69 21 compel
1553 3477 31 17 the
1599 3477 66 15 miners
1677 3477 19 15 to
1710 3476 61 20 accept
1780 3475 47 17 their

120 3513 38 17 What
167 3514 26 17 ,ia
202 3515 8 17 t
210 3515 26 17 iw.
244 3515 21 17 25
276 3520 9 15 p
286 3520 21 15 er
319 3517 8 14 e
327 3517 9 14 e
337 3517 28 14 .t,
381 3515 91 17 reessetion
488 3514 80 21 :Lethally
583 3517 52 12 mean
646 3513 7 15 ?
679 3508 31 17 the
718 3513 40 11 leen
767 3506 35 17 had
810 3503 72 19 refttemi
891 3503 20 17 to
920 3508 34 15 pay
961 3502 77 17 becano
1045 3501 24 17 be
1084 3506 37 12 was
1136 3502 33 14 not
1185 3498 57 17 finen.
1267 3506 61 17 ten.,
1352 3502 63 21 iHear,
1423 3501 57 20 hear.)
1502 3500 33 19 11,
1545 3500 27 15 for
1580 3504 39 13 one,
1632 3498 78 17 thoneht
1724 3496 40 18 that
1772 3496 15 17 if
1794 3496 31 17 the

120 3533 45 20 Well.
177 3536 15 17 in
204 3536 26 21 till
235 3537 14 17 ',l
262 3536 61 19 WOrds,
337 3536 12 18 it
366 3541 58 13 11,,,1,t.
437 3536 39 18 that
488 3542 35 15 any
530 3541 44 12 man

582 3535 72 20 .getting
679 3529 34 19 vial
723 3528 35 19 ana
767 3528 15 17 if
790 3534 9 11 a
809 3527 57 18 strike
874 3523 86 19 occurred
967 3523 22 18 he
998 3522 59 19 would
1065 3522 21 18 be
1095 3528 34 12 one
1137 3522 19 18 of
1163 3522 32 17 the
1202 3521 39 17 first
1269 3526 79 17 maekete
1363 3529 44 11 were
1427 3522 43 18 1,01,
1479 3522 12 19 I,
1507 3522 44 17 then
1560 3522 31 17 the
1606 3526 41 11 men
1656 3515 56 21 wiinld
1720 3520 47 15 work
1776 3519 50 17 three

120 3561 11 13 a
139 3562 40 17 pont,
187 3559 79 26 I,ie.ek
279 3562 18 14 at
308 3560 31 17 the
358 3566 13 9 id
383 3563 37 12 'flit
439 3561 40 14 Isis,
497 3557 60 18 would
569 3557 46 17 hero
627 3556 27 18 his
680 3554 19 15 to
706 3559 24 15 go
738 3556 22 13 on
770 3553 19 14 at
797 3550 32 17 the
842 3547 83 19 maetere'
934 3548 63 17 terms.
1019 3546 59 17 'There
1095 3544 35 17 had
1146 3544 45 17 beets
1200 3543 43 18 site's
1269 3548 44 21 &tea
1320 3553 11 11 a
1339 3547 47 15 week
1396 3544 47 18 until
1449 3544 44 22 they
1501 3549 45 12 were
1560 3542 84 22 emptied.
1675 3541 112 22 (Applause.)
1811 3541 18 15 If

120 3583 38 17 wags
165 3562 5 40 -
187 3587 9 9 ::,
209 3587 7 11 :
216 3587 7 11 e
244 3581 9 18 I
269 3583 20 15 to
305 3582 34 17 It..
363 3581 104 21 1e....e-iesely
482 3581 52 18 knew
549 3580 48 17 weed
614 3580 40 17 that
680 3575 74 18 traitor,
764 3574 19 17 in
791 3574 31 17 the
830 3576 59 17 camp,
895 3569 35 18 end
940 3568 44 19 such
997 3568 35 18 hae
1049 3568 44 18 been
1109 3573 19 12 as
1143 3567 72 20 loggem
1225 3568 19 14 te
1269 3570 40 17 that
1318 3574 44 12 were
1369 3574 26 14 so,
1403 3568 44 17 then
1455 3567 31 17 tlie
1502 3567 71 20 dispnte
1589 3565 57 17 would
1661 3569 44 11 soon
1713 3563 28 17 die
1749 3566 38 14 out.
1809 3562 18 18 If

120 3606 51 14 means
216 3586 1 39 .
254 3605 22 15 ell
292 3604 51 17 ksti:w
364 3605 35 15 11...•
419 3611 7 9 ,•
439 3605 26 15 ale
480 3604 35 17 hed
531 3608 45 17 gone
593 3608 25 15 up
637 3601 18 18 in
666 3586 2 39 ,
680 3598 31 18 the
730 3594 124 22 Union-they
876 3599 32 12 are
933 3592 48 17 what
1006 3591 8 18 I
1039 3589 34 18 call
1094 3591 43 17 Sot
1143 3589 17 18 'is
1180 3588 89 18 cattle
1269 3593 44 20 tlitiy
1319 3592 33 17 the
1359 3595 46 14 men,
1415 3595 45 12 were
1475 3588 97 22 compelled
1580 3588 19 17 to
1612 3587 51 19 fieht,
1675 3587 22 15 he
1713 3586 64 19 agreed
1785 3586 43 15 with

120 3624 40 21 Prim
176 3626 34 15 fre••
221 3633 28 18 .--
272 3630 12 13 1,
283 3630 6 13 ,
305 3627 35 15 eal.
358 3633 28 13 !,..'
402 3631 37 13 tee.
455 3626 37 17 ant
506 3625 31 18 the
544 3625 72 21 highest
625 3630 32 17 per
667 3605 1 46 I
680 3620 123 20 --(laughter:
810 3615 54 18 -,,,it
883 3615 8 18 I
912 3614 45 21 hope
976 3613 40 18 that
1026 3613 13 17 if
1055 3613 43 20 they
1114 3618 38 12 eon:
1152 3618 11 12 ,
1180 3617 34 17 ~ly
1222 3609 20 18 of
1270 3615 33 17 )le.
1312 3614 77 19 Haggett
1397 3613 18 17 in
1423 3613 17 15 is
1444 3612 66 19 lievine
1518 3611 40 17 that
1566 3609 30 17 the
1605 3605 56 21 }Male
1665 3608 65 18 should
1736 3608 21 17 be
1762 3607 65 22 bought

169 3650 11 15 ,
193 3648 9 15 1.
202 3648 9 15 ,,
221 3630 2 35 ,
235 3630 1 35 '
250 3652 57 13 -'h'.
318 3630 1 35 '
328 3656 7 9 r
345 3654 9 6 e
379 3630 1 35 ,
410 3656 35 9 ---.
458 3648 28 17 Ile
495 3646 110 19 uuderetood
609 3646 46 19 from
680 3643 48 18 their
738 3640 66 19 Seotels
811 3639 58 19 tricks
879 3638 40 18 did
928 3638 43 21 they
983 3641 41 17 may
1032 3635 21 17 he
1071 3639 9 4 e
1088 3634 69 18 limited
1189 3634 52 17 down
1270 3637 43 17 with
1320 3635 25 18 all
1352 3633 34 19 the
1400 3634 79 21 artillery
1493 3633 40 18 that
1548 3632 51 18 could
1615 3632 21 17 be
1651 3631 76 18 broneht
1743 3632 19 15 to
1776 3630 48 17 bear,

123 3669 25 17 the
158 3670 7 15 e
201 3652 2 44 •
259 3677 6 11 i
265 3677 7 11 •
283 3678 11 8 s,
301 3673 7 14 e
318 3678 21 9 •....
353 3672 12 15 .I
373 3652 2 44 •
422 3652 4 44 •
439 3674 74 14 eenteee
529 3671 31 17 del
568 3671 31 15 not
607 3676 48 12 come
667 3652 2 44 1
681 3665 31 19 the
722 3665 39 18 first
769 3663 33 19 hill
810 3663 40 18 that
857 3666 37 12 was
901 3665 48 13 near.
974 3659 58 18 Don't
1041 3658 44 18 Mat
1097 3658 50 17 them
1156 3656 39 21 but,
1204 3656 38 17 .I
1256 3652 2 44 I
1270 3659 58 18 There
1345 3664 33 11 was
1395 3663 22 12 on
1435 3656 91 22 exception
1534 3656 19 17 in
1560 3654 32 18 the
1599 3653 66 19 notice,
1674 3652 24 18 ell
1707 3652 5 44 5
1711 3652 5 44 ,
1716 3658 34 11 ...•ce
1759 3652 70 17 treated

123 3691 17 15 to
148 3691 20 18 es.
176 3692 11 15 e
213 3693 21 15 ~.'
259 3700 6 14 1
265 3700 12 14 :.
335 3694 45 15 ,r.'
407 3674 2 40 '
416 3674 2 40 •
435 3699 11 12 e
457 3693 58 18 wesebl
530 3693 32 18 not
570 3691 24 18 be
602 3691 54 19 asesd
667 3674 2 40 ,
683 3689 32 17 tell
723 3693 41 17 you.
772 3686 41 18 give
823 3685 50 18 them
881 3690 11 11 a
900 3683 26 18 bit
934 3681 20 18 of
961 3687 12 11 a
980 3681 46 17 hunt
1036 3680 52 18 down
1096 3685 35 17 nay
1144 3678 32 19 hill
1186 3678 59 18 where
1256 3676 38 22 lon
1302 3681 31 17 the
1341 3685 48 13 same
1395 3681 60 15 terme,
1479 3678 61 18 lender
1547 3678 51 15 these
1606 3677 86 17 eirenmst
1752 3674 2 40 •
1770 3674 57 17 ..-euld

124 3712 24 18 for
175 3715 12 15 is
209 3722 8 8 e
227 3723 8 6 e
254 3697 2 37 .
272 3723 11 9 :,
313 3717 8 14 l•
332 3717 34 15 .:--:
380 3724 7 8 :,
412 3717 30 17 ...t
457 3717 24 17 all
494 3716 35 17 had
537 3717 32 15 not
578 3713 80 18 received
669 3697 1 37 1
681 3717 37 17 you
726 3710 37 17 tine
771 3705 56 21 teem
840 3705 60 24 Spena
908 3711 45 17 your
960 3704 66 18 leisure
1032 3704 45 17 time
1084 3702 63 22 wisely
1155 3700 35 18 e.0:1.
1200 3700 45 20 well,
1270 3704 22 18 be
1304 3704 41 20 only
1361 3703 106 21 prolonging
1482 3702 30 15 the
1528 3700 69 17 contest
1612 3699 19 17 to
1646 3698 44 19 fight
1701 3711 28 2 ..._
1748 3697 2 37 .
1766 3697 60 17 exted.

125 3737 25 27 tee,
158 3737 17 17 le
184 3744 26 14 Pr
220 3744 7 9 e
250 3744 12 12 :.
275 3739 80 17 a.i....a,•.
390 3717 2 47 -
413 3717 2 47 •
435 3750 12 6 .-
455 3746 9 11 e
472 3739 35 18 fart
517 3738 39 19 that
567 3744 48 12 onte
622 3737 35 18 hal
683 3733 35 18 :tad
728 3732 44 18 thee
783 3737 45 17 your
843 3730 61 18 bums
921 3726 38 19 will
971 3726 22 18 be
1009 3725 52 19 snide
1076 3724 119 26 cemforlehle
1207 3723 35 18 and
1270 3732 21 12 or
1317 3725 41 19 with
1385 3724 38 18 half
1449 3724 32 17 the
1515 3728 59 17 power
1604 3723 18 14 at
1652 3720 47 17 their
1729 3717 99 20 cemmand.

126 3763 33 17 muy
168 3761 30 17 :eel
206 3763 6 14 -
211 3763 13 14 20
234 3768 28 14 ee•
270 3767 44 12 emit.
338 3763 24 17 As
378 3763 13 15 1.
428 3763 32 15 .i'
465 3764 26 13 ed
509 3768 38 9 now
556 3742 27 40 101
593 3742 9 40 l
612 3742 45 40 them,
669 3742 2 40 ',
683 3757 67 20 happy,
765 3755 37 18 eel
817 3758 45 17 your
879 3751 64 21 higher
956 3750 86 18 interests
1058 3748 35 18 wit!
1114 3749 21 14 i...
1148 3754 9 9 n
1167 3746 70 21 tprovad
1271 3750 18 18 If
1299 3750 51 18 there
1358 3754 35 11 nese
1402 3750 18 14 to
1428 3748 21 15 be
1456 3752 11 11 a
1480 3745 44 20 field
1537 3745 31 18 the
1576 3750 64 11 sooner
1652 3744 13 17 it
1678 3742 106 18 terminatee
1796 3742 32 18 the

125 3778 18 19 he
150 3781 69 19 be.e.e.se
230 3783 39 18 that
278 3784 28 17 the
317 3784 51 18 knott
373 3765 5 37 ,
419 3791 8 9 .•
437 3765 2 37 •
457 3765 4 37 5
480 3765 5 37 t
489 3789 9 12 -
498 3789 38 12 ,•en
543 3783 32 18 the
582 3785 77 14 masters
670 3765 2 37 !
684 3777 87 22 (Cheeree
797 3776 53 19 After
859 3781 48 11 'nose
914 3774 72 17 farther
993 3771 81 19 renew?,
1084 3765 5 37 I
1095 3771 13 15 '.•
1113 3765 1 37 •
1193 3765 2 37 ,
1204 3765 1 37 •
1235 3765 4 37 !
1272 3774 61 15 teeter.
1358 3771 26 17 He
1393 3776 35 11 was
1435 3770 53 20 ready
1496 3770 19 15 0
1524 3769 73 15 consent
1605 3769 19 14 to
1632 3767 86 21 anything
1726 3765 57 17 which
1791 3770 37 11 WAs

125 3802 32 17 ant
164 3809 35 11 met(
207 3809 32 12 was
247 3806 30 17 the
285 3807 83 19 prOpilsi
376 3807 11 12 '.
393 3816 12 6 ,-
451 3807 20 15 1...
481 3811 11 8 I-
497 3807 33 15 lwn
539 3806 31 17 the
578 3806 38 17 coal
622 3810 37 11 MIA
670 3787 2 39 '
684 3801 107 17 UnOlitheee
797 3797 84 18 A,,,A1131e
881 3797 8 18 ,
889 3797 9 18 1
907 3796 40 18 that
954 3796 91 15 whatever
1054 3801 8 8 0
1062 3801 43 8 e....
1128 3800 9 7 ..-
1147 3800 11 5 •.
1175 3787 2 39 ,
1217 3797 15 6 •-
1241 3787 2 39 !
1273 3794 102 17 reaeonable
1384 3794 26 15 for
1417 3797 60 17 peace,
1491 3790 31 17 but
1535 3790 51 17 there
1600 3790 47 14 must
1659 3789 21 15 be
1689 3789 34 14 fair
1730 3788 46 21 play.
1801 3787 27 15 Ht.

93 3809 1 37 ,
126 3822 52 18 lower
180 3824 14 17 el
201 3828 17 14 to
224 3827 39 19 14e.,
272 3827 30 17 the
309 3828 50 15 tra•le
367 3834 24 8 ws
399 3809 1 37 .
413 3809 2 37 '
442 3809 1 37 '
462 3834 14 8 ~:
491 3828 26 15 iit
528 3833 34 9 Wa,‘
572 3827 19 15 at
591 3827 9 15 ,
600 3827 59 15 irable
670 3809 2 37 I
685 3817 43 26 they
758 3821 65 17 elmeel
846 3821 30 14 net
898 3817 63 20 wisely
979 3816 35 18 out
1035 3816 45 17 nnit•
1109 3822 14 9 ...
1160 3809 1 37 •
1187 3815 33 14 ees
1272 3815 60 17 betel
1339 3815 51 17 lb.',
1398 3819 45 11 were
1454 3817 47 11 some
1517 3813 18 15 in
1550 3811 47 17 their
1609 3810 70 17 district
1690 3809 40 15 who
1743 3809 34 15 bud
1786 3813 43 11 once

93 3829 2 38 i
125 3844 18 17 to
151 3844 64 19 further
222 3848 47 18 low.,
279 3849 13 18 it
306 3848 22 19 lie
334 3849 44 18 tlee.
378 3849 9 18 e
393 3849 15 7 '-
428 3829 4 38 •
437 3829 2 38 .
465 3856 7 8 ,•
483 3848 51 18 :les'',
543 3848 61 19 Amidst
615 3848 45 18 then
670 3829 4 38 )
685 3849 41 13 cage
738 3843 20 18 he
771 3841 80 20 believed
863 3841 44 20 they
919 3839 59 18 would
989 3839 22 17 be
1019 3839 40 17 vier
1062 3837 20 17 eri
1111 3847 6 2 -
1165 3829 1 38 :
1174 3836 8 4 -
1233 3829 1 38 •
1259 3829 1 38 .
1273 3840 43 14 Seem
1325 3836 54 18 union
1388 3841 47 13 men,
1443 3835 31 15 but
1482 3835 39 14 who
1530 3833 35 15 had
1573 3833 67 15 thrown
1650 3831 48 17 down
1708 3830 30 17 the
1747 3829 41 21 ouly
1795 3829 32 17 it.

123 3870 69 15 conserit
198 3873 18 14 to
223 3875 9 12 a
237 3872 87 18 reauction
334 3873 18 18 of
365 3874 11 20 e
376 3874 21 20 1•
432 3880 7 6 .•
449 3875 17 13 se
489 3879 21 9 oe
520 3878 51 17 every
585 3872 74 19 elsilling
671 3852 2 43 I
707 3867 38 19 'The
754 3866 100 19 Cenirmen
862 3863 39 18 essia
908 3862 22 18 he
940 3861 59 19 would
1011 3861 47 19 notic
1067 3852 4 43 ,
1083 3867 27 9 ese
1130 3860 20 14 ,e`
1156 3852 4 43 -
1178 3852 4 43 •
1201 3852 1 43 ,
1228 3865 14 9 d•
1259 3852 1 43 ;
1272 3861 79 22 element
1358 3859 22 17 be
1389 3856 57 18 which
1454 3856 41 22 they
1505 3854 51 19 could
1564 3854 69 24 protect
1639 3853 46 18 their
1690 3853 90 17 interests.
1792 3852 38 17 The

125 3888 71 28 loweress
203 3893 40 18 met.
265 3894 27 18 11,,
299 3894 7 22 h
306 3894 15 22 oi
321 3894 33 22 „,,t
364 3895 6 18 i
370 3895 7 18 s
385 3874 1 43 ,
426 3901 17 11 ee
443 3901 9 11 .
462 3901 7 11 e
469 3901 7 11 .
490 3894 57 19 se.,uld
555 3894 66 18 submit
630 3894 31 18 the
672 3874 1 43 :
686 3891 59 18 which
752 3889 35 18 lied
797 3888 31 19 fell
836 3888 46 18 from
892 3887 30 17 his
928 3886 31 18 fris
965 3885 28 18 na.
1004 3885 48 18 their
1062 3891 7 9 is
1072 3891 15 14 es•
1097 3874 2 43 :
1110 3874 2 43 •
1152 3882 8 17 e
1189 3874 2 43 .
1208 3881 15 17 !,:
1238 3874 5 43 1
1259 3874 1 43 '
1273 3885 35 15 Ltd
1317 3887 35 13 was
1359 3878 41 22 that
1409 3880 25 18 all
1442 3879 74 18 suffered
1530 3879 18 15 in
1556 3881 120 19 conseqnence
1683 3874 2 43 (
1704 3874 33 19 and
1746 3874 84 24 probably

125 3915 8 30 ,
133 3915 65 30 aostlon
207 3914 17 18 in
231 3915 67 21 •lispute
306 3920 20 13 to
340 3922 41 11 Tee-
393 3893 1 52 '
428 3893 2 52 '
446 3893 2 52 -
465 3893 1 52 '
475 3922 70 11 ee(mea
557 3922 57 14 some,
626 3917 35 17 awl
672 3893 2 52 ,
686 3913 57 18 beard
751 3913 14 17 it
774 3912 39 17 ,ail
821 3912 22 20 by
852 3911 44 17 him,
902 3909 41 17 that
951 3908 11 17 w
961 3908 80 17 herever
1050 3907 11 17 h
1061 3907 11 17 e
1087 3913 9 8 ~:
1104 3913 9 8 .
1114 3913 9 8 e
1128 3893 4 52 -.
1149 3893 1 52 •
1185 3905 33 15 eea
1231 3905 13 15 it
1272 3907 38 17 this
1328 3906 37 15 lute
1383 3904 73 17 induced
1469 3902 32 17 the
1515 3900 97 22 I•mploy.,
1620 3901 19 15 to
1655 3899 52 17 make
1727 3904 22 11 an
1769 3893 60 21 attack

126 3937 9 13 u
145 3934 38 25 tl.ut
191 3941 58 12 wars,
256 3944 35 11 vii
299 3939 74 20 alePtea
384 3920 2 39 ;
436 3945 14 9 :.:
462 3939 8 15 '
470 3939 8 15 7
478 3939 8 15 '
487 3939 9 15 l
507 3943 8 13 ,
515 3943 9 13 o
531 3939 8 17 l
540 3939 59 17 A'lieve
604 3938 40 17 that
652 3944 9 11 a
673 3920 1 39 -
686 3935 71 17 thrown
767 3934 18 17 in
793 3933 28 18 his
829 3933 50 17 teeth
888 3932 40 17 that
943 3931 31 17 the
987 3930 51 17 work
1057 3934 34 11 w,-
1115 3928 28 15 lee
1154 3920 2 39 :.
1170 3937 12 6 ~
1195 3920 5 39 I
1213 3926 34 17 oft•
1273 3933 47 17 upon
1329 3927 56 18 them.
1404 3926 26 20 By
1439 3924 102 20 neglecting
1547 3925 20 14 to
1573 3927 35 17 pet'
1616 3926 24 17 op
1648 3921 47 17 their
1702 3920 128 17 contribntions

128 3957 32 18 stede
159 3957 6 18 ,
165 3957 14 18 '•
194 3959 41 17 with
247 3959 22 18 rel
278 3963 24 14 it,
315 3960 60 17 salmi
385 3939 2 41 .
426 3966 6 8 ~
448 3939 4 41 ,
462 3939 4 41 -
491 3966 7 11 ,
498 3966 7 11 e
513 3966 46 14 sieee,
570 3959 58 19 would
640 3959 14 19 'h
654 3959 7 19 e
687 3958 52 17 times
748 3961 24 12 ov
777 3956 31 18 ing
816 3958 20 14 to
842 3953 131 19 siennkennese.
998 3951 45 18 Now
1058 3951 21 15 le•
1104 3951 19 14 •i.
1133 3939 1 41 •
1144 3947 102 19 ee•erman)
1273 3951 35 15 hed
1317 3948 76 21 bronglit
1402 3946 41 18 with
1453 3946 14 17 it
1476 3952 9 11 a
1498 3939 106 24 threatened
1617 3944 60 15 attack
1691 3947 46 15 mem
1746 3941 31 17 the
1786 3946 45 11 cein•

125 3979 96 17 m
221 3983 20 18 W
144 3983 25 14 tel
242 3981 63 17 here.)
797 3974 5 26 .

673 3964 2 41 i
687 3979 31 19 ale
726 3983 32 15 not
765 3978 91 22 complain
863 3977 45 18 with
917 3981 12 12 a
935 3980 43 12 man
986 3973 28 19 for
1025 3973 44 18 have
1069 3973 11 18 .
1080 3973 12 18 ,
1101 3981 7 8 :.
1120 3964 2 41 i
1131 3972 25 18 int
1162 3972 20 18 of
1188 3971 59 18 erink,
1273 3973 35 17 fort
1318 3972 18 17 of
1346 3971 48 18 their
1410 3970 64 18 Forest
1489 3967 66 18 homes.
1580 3965 86 22 (Cheers.)
1691 3964 93 17 Unionism
1795 3967 35 12 Writ

143 4002 33 17 hle.
187 4004 98 20 MotttWee,
295 4004 39 15 wlet
341 4010 35 9 wee
465 3985 5 39 I
487 4011 11 9 m
503 4005 27 17 Ith
537 4004 67 18 chem..
615 4004 38 18 eel./
659 3985 2 39 :
690 4003 35 17 and
733 4003 22 17 to
764 4007 35 11 nes
808 4000 58 18 afrale
875 4000 13 17 it
899 4004 27 12 no
943 4004 12 12 a
961 3998 58 21 paltry
1030 4003 41 9 eeee
1078 3985 4 39 ,
1104 4003 19 6 .-,
1136 3996 30 15 the
1175 3997 41 20 part
1230 3993 18 17 of
1273 3996 78 21 nothing
1369 3992 61 19 uidess
1449 3991 66 18 carriol
1534 3991 32 15 out
1586 3987 144 24 systematically.
1754 3985 48 18 With
1821 3991 9 11 a
1843 3985 1 39 I

124 4023 35 17 The
168 4024 126 15 eil•entnelace
308 4024 54 17 which
376 4025 30 15 1.,..
475 4026 34 17 ..•et
521 4031 20 11 as
549 4026 37 19 toe
587 4026 44 17 ether
639 4030 25 12 to.
676 4005 2 40 '
691 4024 50 17 the,
761 4028 76 12 'nesters
856 4023 39 15 WllO
915 4020 51 18 made
984 4020 21 17 it.
1031 4019 22 15 !!I
1087 4025 7 9 ..
1120 4017 48 20 ...tr.)
1200 4016 47 20 Aeas
1274 4020 63 15 strong
1345 4016 54 17 union
1409 4017 18 14 at
1435 4015 32 15 the
1475 4012 72 18 barbel
1558 4011 69 19 labour,
1633 4010 66 21 capital
1711 4009 52 17 could
1780 4013 52 11 never
1843 4005 1 40 .

81 4057 7 8 „
124 4044 33 20 day
165 4050 30 11 are
203 4046 30 14 not
241 4044 18 15 el
270 4044 31 17 the
308 4049 45 13 most
365 4052 15 9 a,
476 4030 2 35 '
497 4049 71 14 eeteter.
591 4048 30 15 On
631 4054 34 9 one
677 4030 2 35 1
691 4051 43 12 mon
739 4051 47 12 over.
797 4044 13 18 it
819 4050 37 12 wae
865 4044 44 17 done
917 4044 19 15 in
944 4043 53 17 onler
1005 4044 18 14 te
1033 4051 6 2 -
1048 4030 2 35 .
1083 4030 4 35 •
1123 4046 7 11 r
1149 4044 32 17 per
1200 4039 47 17 cent-
1274 4039 53 18 moll
1337 4039 19 17 it.
1380 4037 18 17 If
1408 4037 31 17 the
1448 4036 99 21 employers
1560 4038 24 12 ea
1596 4032 31 18 the
1635 4033 70 20 pn•sent
1714 4030 81 17 oemeion
1802 4035 30 11 eu.

175 4067 220 19 Ie'"III"I't
459 4051 2 41 '
471 4075 18 9 .•e
489 4075 7 9 -
509 4069 35 15 :eel
552 4069 116 20 everhearine
678 4051 2 41 (
693 4074 38 15 age.
756 4069 25 22 Ile
790 4072 34 11 wes
835 4068 28 15 not
874 4071 34 12 one
915 4065 40 18 who
964 4064 21 18 adv
985 4064 50 18 01.:,•,
1035 4064 15 18 ,,
1058 4051 1 41 I
1078 4055 15 21 1.1
1094 4051 5 41 .
1098 4055 6 21 1
1115 4051 1 41 •
1123 4063 6 15 I
1144 4061 51 22 Tlllll
1195 4061 8 22 l
1204 4061 44 22 lary,
1274 4062 59 17 fOrtlca
1343 4059 47 18 their
1397 4062 61 14 terms.
1467 4057 22 17 be
1498 4051 76 25 thotlght
1583 4056 13 15 it
1606 4054 56 18 would
1670 4055 20 15 be
1698 4059 11 11 a
1717 4057 59 13 SetWe
1788 4051 45 17 MoW

126 4091 56 12 MIA-
187 4089 46 18 rient
249 4091 19 15 111
268 4091 6 15 ,
274 4091 21 15 011
311 4087 31 15 the
356 4094 31 9 el,
461 4075 2 40 .
477 4091 28 24 •,,:t
510 4090 17 17 al
541 4089 43 18 they
595 4089 11 18 b
606 4089 12 18 i
618 4089 12 18 d
645 4096 22 11 IC.
693 4095 20 11 ,
722 4089 7 17 e
729 4089 37 17 i,,t,
771 4096 41 6 ,e•
831 4089 47 17 fa,.
887 4089 47 17 beer.
941 4088 33 17 lint
984 4087 61 17 rather
1061 4089 19 13 to
1093 4085 44 17 use
1153 4089 11 12 a
1180 4083 59 18 little
1239 4083 11 18 -
1274 4087 19 15 to
1302 4083 96 18 unionism.
1421 4081 28 18 He
1456 4080 91 17 therefore
1559 4076 70 19 trnsted
1642 4077 40 17 that
1696 4076 31 17 the
1735 4075 98 21 employers

125 4108 43 27 eum;(
168 4108 8 27 l
176 4108 52 27 ltte'l
275 4108 40 26 „the
331 4108 37 25 time
367 4108 9 25 .
389 4108 4 31 (
465 4108 1 31 -
482 4116 52 14 ••any,
555 4110 46 17 eillea
627 4111 11 17 w
638 4111 11 17 i
648 4111 21 17 th
680 4108 1 31 ,
694 4110 22 17 th;
717 4110 15 17 ,.
744 4117 11 7 „

765 4116 25 11 ...
803 4091 1 37 ,
816 4116 34 11 ..en.
861 4110 18 17 i,
888 4109 118 18 meaen,tion.
1030 4109 18 17 If
1050 4114 54 12 ewa
1121 4107 9 21 q
1130 4107 40 21 aite
1180 4106 70 17 certain
1276 4107 57 17 wield
1341 4106 21 17 be
1371 4103 74 19 indnod
1454 4104 19 14 to
1492 4101 91 17 withdr,,
1600 4098 48 17 their
1667 4097 73 18 m(tices,
1749 4096 33 18 ane
1792 4091 43 21 thus

128 4135 44 17 gee..
184 4134 61 15 "me'
262 4134 15 12 •e
292 4133 30 13 'ae
335 4134 50 12 'en"
402 4117 5 37 s
476 4134 33 14 eess
515 4134 35 19 inc.
575 4134 51 14 smne
637 4137 34 11 eei.
683 4117 2 37 ;
696 4131 40 17 that
745 4137 20 11 se.
776 4137 14 9 •:,
798 4139 17 9 ,1
815 4139 9 9 ,
836 4117 1 37 '
847 4133 22 15 ',I
878 4133 58 15 `IrI,IfIII
945 4134 19 14 flt
973 4131 30 17 the
1009 4130 65 18 r,,,,t
1080 4130 37 24 pita
1123 4128 59 21 .3,•,,g
1191 4129 7 15 t
1201 4134 9 12 0
1219 4128 31 17 file
1277 4121 8 25 e
1285 4121 41 25 lh'ew
1336 4128 31 17 the
1376 4131 41 12 men
1436 4127 19 14 0
1475 4123 84 18 contitine
1567 4123 19 15 at
1593 4122 32 15 the
1638 4121 30 17 oa
1684 4120 61 21 price,
1772 4117 63 20 (Heer,

126 4153 73 21 Ploetee'•
211 4153 6 15 I
228 4152 32 17 fee
260 4152 11 17 ,
281 4156 30 11 ate'
324 4150 19 17 t'f
359 4152 46 20 °len
416 4159 7 8 •,
444 4142 4 32 '
470 4159 9 11 .•
498 4154 51 15 Oen,
561 4154 56 15 Imam
625 4153 48 17 teem
684 4142 2 32 ,
698 4157 45 11 men.
752 4142 2 32 '
771 4154 14 14 I,
795 4142 2 32 •
813 4142 1 32 •
830 4144 13 21 .;.
853 4160 13 8 1.-
875 4144 33 25 resa
917 4154 44 17 been
967 4154 46 17 hale
1028 4159 33 11 ene
1069 4153 40 17 shoe
1136 4150 34 17 eel
1192 4150 57 17 there.
1276 4150 11 17 h
1286 4150 12 17 e
1298 4150 35 17 m.)
1358 4149 17 17 If
1385 4148 50 18 eseils
1443 4152 44 11 were
1569 4146 63 19 tap
1589 4144 18 15 in
1619 4143 48 21 price
1676 4144 19 14 to
1703 4147 33 15 any
1747 4142 48 19 greet
1806 4146 19 9 ex-

128 4180 41 12 were
177 4175 79 17 creae
257 4174 48 18 shill
272 4180 13 11 (r
314 4174 25 17 eir
347 4174 71 18 entlific
426 4179 7 11 s•
452 4174 1 21 •
465 4175 28 17 L.:,
500 4181 31 11 ...,..
540 4174 35 18 ana
583 4175 39 17 that
632 4174 41 21 they
699 4174 44 17 fore.
752 4180 31 9 ~,
791 4174 2 21 •
827 4174 2 21 .
837 4174 5 21 •
875 4181 12 9 ~,

895 4175 8 38 l
904 4175 26 38 hha
937 4175 34 18 he,,
971 4175 9 18 h
989 4175 59 18 shran
1049 4159 67 34 k.e'ttlh,‘,:;
1126 4163 24 32 t;s
1157 4179 11 12 a
1176 4174 40 15 few.
1230 4178 21 11 or

129 4198 50 19 Otte::
189 4196 89 18 therefore
286 4198 19 15 to
318 4195 66 19 submit
399 4200 19 13 to
435 4202 51 11 .......,..•
495 4161 4 56 ,
521 4161 2 56 •
540 4198 41 15 ...'lev
1277 4174 38 17 tent
1324 4173 31 17 the
1364 4170 56 18 reenit
1427 4168 58 19 would
1500 4167 21 17 be
1537 4167 31 18 the
1583 4166 70 21 closing
1665 4165 18 15 of
1695 4162 67 18 several
1770 4161 64 19 works,

803 4220 4 15 I
815 4220 2 15 ,

836 4208 6 9 ..
873 4204 14 9 es
902 4204 38 11 seen
947 4198 46 18 done
1000 4200 20 15 to
1028 4198 31 17 the
1072 4200 77 14 masters
1169 4196 19 17 in
1208 4195 40 18 Wit
1278 4195 64 18 whigh.
1350 4194 47 18 witer
1404 4194 53 18 beMg
1466 4191 59 18 clo.eed
1537 4191 30 17 for
1578 4194 57 17 years.
1648 4187 35 17 had
1695 4187 45 17 been
1748 4185 87 22 reopened

152 4207 5 58 ,
197 4245 9 15 i
207 4245 38 15 eree
255 4243 45 22 lioey
308 4243 19 17 in
339 4248 33 12 our
381 4243 53 17 nee-,
445 4243 44 17 ,-1,,,,
501 4248 28 11 ~,,..
546 4248 30 12 ;.,
582 4243 39 17 iflto
659 4246 18 13 11.
706 4237 28 19 i..
744 4207 1 58 '
765 4207 2 58 .
875 4220 20 17 :A
904 4220 51 19 been,
963 4220 35 18 aua
1006 4226 51 14 were,
1071 4220 61 22 plenty
1144 4219 20 20 of
1179 4225 40 12 mon
1233 4219 18 17 in
1278 4220 48 17 since
1333 4219 32 17 the
1374 4218 47 21 price
1429 4215 19 18 of
1459 4213 39 20 coal
1509 4213 35 18 had
1558 4211 96 19 increased.
1678 4209 26 17 He
1717 4213 52 13 agree
1770 4207 11 18 .1
1793 4207 43 17 with

810 4252 13 6 -.
835 4231 2 31 .
850 4248 6 5 .:
866 4250 8 12 e
881 4241 37 18 mea
925 4244 19 15 to
952 4245 30 14 eta
991 4241 89 18 whatever
1091 4244 47 15 emds
1159 4247 47 12 were
1226 4247 26 12 re-
1278 4243 47 17 their
1333 4243 53 19 Remit
1396 4239 40 18 that
1446 4239 13 15 if
1469 4239 20 15 at
1502 4241 33 12 auv
1548 4235 37 22 pits
1597 4234 31 18 the
1642 4239 40 11 men
1695 4231 96 18 consented
1798 4233 20 13 to
1826 4235 9 11 a

132 4265 27 17 boo
167 4252 2 33 :
213 4252 4 33 •
227 4265 67 20 ateiing
302 4271 58 14 wliges
369 4265 43 15 bSL,
419 4252 2 33 .
437 4265 18 15 le
463 4271 15 9 .1!
490 4265 53 15 t'..,
553 4252 4 33 '.
562 4271 19 8 ee
589 4270 45 9 weee
647 4264 12 15 b
738 4252 14 4 '..

660 4269 7 11 e
667 4269 8 11 '
804 4276 8 11 e
824 4252 2 34 •
843 4252 1 34 .
860 4269 9 11 I
869 4269 9 11 .
879 4269 43 11 ""'e
986 4264 24 20 he
1019 4264 31 17 the
1064 4265 104 20 etarlOyers,
1182 4265 27 19 he,
1224 4264 30 17 for
1279 4265 92 15 reduction
1380 4263 13 15 it
1403 4260 63 18 slneild
1481 4259 21 15 he
1509 4260 19 14 at
1541 4259 32 15 the
1580 4257 72 17 smaller
1661 4256 41 20 pits.
1726 4254 17 17 It
1750 4252 58 17 would
1815 4252 20 17 be

133 4285 35 19 tor,..
222 4294 11 9 ~
243 4287 17 17 Se
281 4286 47 18 their
347 4286 45 18 ince.
412 4274 2 32 •
497 4274 2 32 .
1279 4291 11 12 a
1297 4285 35 17 bad
1339 4285 58 21 ',obey
1406 4285 19 14 to
1433 4283 25 15 let
1467 4281 30 17 the
1505 4279 47 18 little
1560 4285 40 11 men
1610 4284 21 14 go
1639 4278 56 15 down.
1711 4276 61 19 !Hear,
1781 4274 56 18 hear.)

490 4296 1 34 •
552 4296 2 34 .
620 4315 18 9 •e
660 4296 4 34 (
771 4296 2 34 -
823 4315 7 2 -
841 4304 76 19 Beeeett
926 4305 38 17 sale
972 4306 41 20 they
1032 4311 46 13 wen(
1096 4312 50 13 come
1163 4315 25 15 up
1206 4309 21 17 to
1243 4312 12 12 a
1280 4309 39 15 The
1328 4309 76 15 nmeters
1410 4304 48 18 fd
1460 4304 21 18 ened
1489 4303 43 21 they
1539 4300 37 17 had
1584 4300 30 17 the
1622 4299 46 20 whip
1674 4298 35 17 and
1717 4303 44 11 wer,
1769 4296 67 21 saying,

475 4317 1 32 .
566 4342 31 6 „
633 4337 14 9 ~
659 4317 1 32 ,
672 4317 1 32 .
711 4317 1 32 .
827 4341 15 2 ..
854 4336 22 8 ...,
892 4328 8 17 I.
905 4329 47 15 oro,t
960 4328 19 17 of
987 4328 93 19 Deatessul
1096 4330 14 18 it
1130 4337 35 11 wee
1174 4330 78 19 evident,
1280 4332 11 7 e
1298 4330 41 17 Now
1349 4335 24 9 We
1382 4329 45 15 IlaVe
1440 4326 14 18 it
1470 4325 19 18 in
1504 4330 33 11 one
1550 4328 63 17 power,
1626 4322 33 17 ana
1676 4325 24 12 we
1717 4318 34 19 will
1761 4317 5 32 g
1766 4318 6 21 '
1772 4318 12 21 i.
1789 4325 9 9 a
1808 4317 31 18 the

92 4377 6 7 '
143 4381 9 8 e
165 4344 1 45 .
575 4363 30 7 :-
628 4344 2 45 .
650 4344 2 45 .
705 4344 1 45 •
793 4344 5 45 _
839 4344 2 45 .
876 4356 47 11 eens
932 4350 18 17 of
959 4350 30 17 the
997 4350 39 18 tine,
1042 4357 13 12 t.
1065 4351 39 18 that
1113 4358 11 12 a
1131 4356 51 14 ereat
1195 4352 58 18 hattle
1280 4358 40 12 nen
1330 4357 9 12 A
1349 4350 56 18 sonnd
1547 4344 164 19 P
1711 4348 12 11 u

1561 4345 65 21 erhape
1633 4344 26 17 th,
1665 4349 11 17 y
1684 4342 58 17 weel
1749 4344 27 14 try
1788 4341 13 17 it
1809 4345 28 12 on.

622 4367 2 30 ,
654 4367 4 30 .
674 4367 1 30 .
735 4367 5 30 .
811 4385 13 4 ._
839 4385 8 2 ..
873 4371 20 17 le(
901 4372 9 17 e
920 4375 60 14 stance
993 4372 27 18 for
1035 4374 31 17 the
1084 4380 39 13 men
1143 4376 80 20 eummed
1235 4376 19 17 in
1281 4374 112 22 (Lanehter.)
1419 4372 17 17 It
1448 4376 34 12 wets
1495 4369 85 18 ileeirnele
1597 4370 19 14 0
1631 4367 45 17 hare

1688 4364 8 24 •
1696 4364 112 24 ••nmnetitinn
1821 4363 19 17 in

496 4380 1 39 -
557 4380 1 39 .
620 4380 2 39 .
667 4406 8 4 -
726 4400 63 12 •:.1.
798 4380 2 39 '
820 4380 2 39 7
835 4401 7 8 C
863 4380 5 39 •
868 4380 5 39 •
873 4397 12 12 1I
895 4394 39 17 sled
944 4395 76 17 ilistrict.
1051 4396 54 17 Years
1124 4402 34 17 ago
1178 4397 22 18 he
1219 4397 35 18 had
1280 4398 32 17 the
1320 4396 58 18 mark(
1384 4398 13 14 t.
1406 4394 93 22 providine
1507 4393 13 17 it
1528 4396 35 11 was
1572 4390 40 17 fair,
1620 4389 19 17 in
1646 4389 58 15 which
1713 4393 39 11 eftes•
1761 4387 13 15 it
1782 4384 58 18 would
1850 4380 5 39 I

581 4413 1 2 .

142 4424 25 12 ees
185 4426 7 12 I,
193 4408 4 33 -
214 4408 2 33 !
270 4408 1 33 ,
282 4427 26 13 5.e•
332 4422 54 19 the,
477 4408 2 33 •
501 4408 2 33 •
531 4422 54 17 :,,'•
596 4408 5 33 •
618 4428 9 9 ..
637 4408 2 33 !
674 4408 2 33 .
705 4408 2 33 '
739 4423 39 8 •,..
789 4408 2 33 :
810 4408 4 33 -
842 4422 14 9 e.
868 4415 56 18 bittle
932 4415 111 22 tiell,where,
1052 4417 18 18 in
1078 4417 51 18 sham
1136 4420 64 17 reality
1215 4426 39 12 met:
1281 4421 21 15 be
1323 4420 58 15 better
1406 4417 28 17 en.
1454 4415 22 18 all
1501 4414 71 22 parties.
1606 4411 21 17 In
1658 4415 52 12 were
1740 4409 39 21 past
1808 4408 33 17 the

145 4442 26 18 .ku
180 4450 46 13 e-,
242 4429 2 37 .
272 4454 11 9 le
292 4447 69 18 vailine
370 4447 17 15 I,i
430 4429 2 37 •
527 4429 4 37 •
572 4453 7 8 e
645 4452 6 2 -
706 4448 6 8 ...
732 4429 2 37 :
771 4429 1 37 •
809 4447 28 11 _•
857 4446 8 9 •.
876 4439 84 22 -hooting
967 4440 43 18 earls
1018 4441 57 18 other.
1098 4441 65 24 Nearly
1172 4439 22 22 3.;
1202 4435 8 31 '
1211 4435 44 31 years
1267 4429 4 37 I
1283 4443 63 18 leuest
1368 4442 76 15 mestme
1466 4439 12 17 is
1524 4436 35 18 lost
1580 4429 117 24 thousand
1697 4433 19 17 of
1737 4430 70 24 pounds
1822 4430 19 17 in

430 4455 2 32 '
778 4455 2 32 •
808 4469 26 18 -..
852 4468 11 2 ••
868 4455 1 32 .
879 4455 2 32 •
891 4467 51 15 Levy.
950 4462 35 17 ana
993 4462 41 21 they
1043 4463 35 17 hat
1085 4465 24 15 all
1117 4469 45 12 sew:,
1176 4467 19 15 ,•I
1208 4472 47 12 arins
1269 4455 2 32 !
1289 4473 20 5 •••
1319 4475 6 4 ,
1345 4472 19 9 .11.
1372 4470 20 9 7.,.
1417 4455 1 32 ,
1429 4455 5 32 f
1453 4468 7 9 a
1481 4462 51 15 fanam
1532 4462 11 15 .
1543 4462 11 15 :
1565 4457 137 22 competition-
1710 4455 48 18 hear.
1770 4455 48 17 Mari

156 4517 6 5 .
1821 4462 21 4 -

796 4476 4 30 •
823 4476 4 30 •
834 4476 1 30 :
868 4485 20 15 .f
895 4489 13 11 es
915 4483 32 17 the
956 4483 51 17 sham
1015 4485 51 21 tied.
1088 4486 58 18 The,
1162 4494 44 11 were
1227 4488 30 17 the
1270 4476 1 30 '
1284 4476 2 30 '
1306 4479 9 19 .:

1358 4476 1 25 ,
1395 4476 2 25 1
1427 4476 5 25 :
1447 4476 4 25 '
1500 4476 4 25 1
1521 4481 59 18 .:1.311,
1594 4481 18 15 la
1620 4480 51 17 0,1,
1684 4481 19 13 to
1717 4479 45 21 keep
1769 4483 9 11 a
1789 4476 53 18 check

111 4534 1 24 •
158 4543 7 15 e
174 4545 8 1 --
214 4543 17 9 ,
240 4534 1 24 .
278 4538 19 14 e,.
306 4537 22 17 eoi
328 4537 17 17 si
354 4543 38 9 roes•
504 4539 18 13 et
531 4534 116 17 lablik
647 4540 20 11 ~,
1122 4535 71 12 ,mee

592 4540 24 11 .i,
625 4540 19 14 pr
676 4519 1 35 ,
706 4519 1 35 •
778 4519 1 35 •
817 4519 1 35 -
876 4528 7 15 e
892 4526 63 18 lottle.
980 4527 17 17 if
1011 4527 47 19 they.
1071 4534 20 11 a(
1104 4531 96 15 wk.
1241 4519 4 35 7
1245 4538 12 8 •-•
1310 4533 15 6 •'
1345 4519 4 35 I
1367 4519 6 27 I
1372 4519 6 27 '
1378 4519 18 27 .••
1396 4519 6 27 '
1415 4519 30 26 1011
1444 4519 7 26 ,
1452 4519 17 26 11
1483 4533 19 11 a-
1517 4533 8 8 a
1543 4525 43 17 kind
1599 4522 65 21 frierte,
1677 4522 34 17 and
1724 4521 14 17 if
1754 4526 34 12 imy
1800 4525 44 12 were

157 4563 8 17 e
223 4548 2 31 •
231 4548 1 31 .
272 4569 18 7 ..1
305 4559 17 17 ill
331 4565 13 11 a',
353 4565 21 11 125
399 4548 2 31 •
463 4561 54 12 ~to
530 4557 12 17 Is
549 4548 4 31 •
561 4556 90 18 moderate
664 4556 15 17 if
705 4548 2 31 ,
757 4548 1 31 :
796 4558 19 9 ••
840 4548 1 31 .
862 4551 40 15 !...:-.
911 4550 14 17 it
934 4548 59 17 wonld
1000 4550 21 17 he
1030 4556 32 11 lure

156 4585 26 6 -.....
196 4584 8 9 ~
228 4541 2 52 .
468 4541 2 52 .
500 4541 4 52 ,
542 4541 2 52 .
1135 4552 27 17 0r
1176 4553 24 17 te,
1208 4559 15 11 11.
1239 4541 2 52 7
1312 4554 12 14 1-
1324 4554 6 14 •
1330 4554 6 14 •
1356 4553 33 14 1.1
1389 4553 12 14 ,
1407 4556 9 11 a.
1416 4541 5 52 ,
1421 4541 5 52 ,
1434 4551 54 15 rt•adV
1498 4550 17 15 at
1526 4547 24 17 all
1563 4547 52 17 times
1622 4547 19 15 to
1654 4545 30 17 lift
1697 4545 50 15 them
1754 4548 24 17 nes
1787 4541 57 22 regain.

155 4598 20 14 ‘.‘,..,

202 4592 22 26 ....
262 4590 20 8 ..•
298 4581 58 17 e-I•ler
367 4586 6 12 1
378 4581 28 15 !...,
450 4586 41 11 :..lre
501 4580 43 17 ,ot
561 4585 35 15 you
608 4578 65 18 eolle.r.
706 4577 9 13 5.
724 4564 2 54 •
737 4583 21 9 :..•
802 4564 4 54 -
841 4580 7 4 -
860 4564 1 54 .
869 4578 33 11 -•m:
912 4571 35 18 and
960 4572 58 17 forces
1026 4573 19 15 to
1052 4572 48 18 bear.
1135 4573 27 18 Ile
1182 4564 5 54 i
1241 4564 4 54 '
1254 4564 2 54 .
1296 4574 54 21 \eel..
1355 4579 24 11 ee
1387 4574 12 14 ~
1422 4567 59 21 Thee:
1489 4577 51 11 were.
1548 4570 86 15 letwever.
1643 4572 38 12 Fore
1681 4572 9 12 ,
1695 4566 54 17 71MM
1756 4570 41 12 Wen
1806 4564 39 15 who

154 4622 11 15 ee
164 4622 6 15 ,
170 4622 6 15 ,
176 4622 6 15 .
216 4611 9 8 •:
233 4589 4 48 -
278 4612 26 7 •••
315 4589 4 48 •
327 4611 9 11 n
347 4611 39 14 :sees
413 4611 30 9 ,i
458 4603 13 18 if
487 4604 31 17 not
531 4600 86 24 insulted,
626 4600 35 19 and
673 4602 20 17 1'
706 4609 12 2 -
726 4589 2 48 :
810 4602 52 11 '.,•
867 4589 1 48 •
876 4602 15 15 'y
901 4599 45 12 were
954 4593 57 18 colle.l
1019 4598 30 13 oat
1058 4597 20 14 to
1085 4599 18 13 mf
1103 4599 8 13 .
1111 4599 19 13 ct
1141 4597 12 17 t!
1180 4604 8 9 ,•
1198 4604 46 7 •...•
1250 4609 9 6 ~
1272 4589 2 48 •
1286 4598 22 17 In,.
1318 4603 34 9 wee
1361 4594 9 18 i
1370 4594 74 18 sehemed
1450 4594 19 17 of
1476 4593 33 17 and
1519 4592 38 17 who
1565 4591 21 18 he
1594 4596 35 11 eva,
1639 4590 57 17 afraid
1704 4589 28 15 ahl
1741 4590 31 14 nr+t
1778 4591 70 19 poss,,,

345 4632 18 12 te
373 4635 12 9 ,-,
393 4635 47 9 ...:.,
451 4626 48 18 work
510 4625 51 19 when
574 4625 33 18 the
620 4625 60 18 notice
707 4628 8 11 e
738 4609 2 35 ,
784 4629 7 9 e
843 4626 37 9 -es
889 4618 26 19 ler
919 4617 6 19 i
933 4617 60 18 before
1003 4617 44 18 saie.
1056 4617 40 19 timt
1104 4618 26 17 is.
1169 4609 5 35 ::
1193 4609 4 35 -
1219 4609 2 35 ,
1241 4628 17 13 l'y
1273 4609 1 35 :
1286 4622 32 15 the
1326 4618 48 19 rieht
1390 4618 57 21 spirit.
1469 4617 28 17 He
1511 4620 37 11 wee
1559 4615 39 17 clod
1613 4616 19 14 tn
1648 4612 44 18 hear
1706 4611 14 18 it
1733 4611 38 17 said
1783 4611 21 15 he
1814 4609 33 17 Mr.

155 4659 18 11 ,•
180 4654 13 6 e•
226 4656 18 8 -e
254 4629 2 41 •
296 4629 2 41 r
308 4656 38 11 esse
353 4650 21 17 ese
386 4629 5 41 t
391 4654 6 13 ,
406 4657 25 9 lee
431 4657 9 9 ,
456 4655 61 15 seemg
529 4649 40 17 Best
578 4648 44 22 they
630 4648 51 17 with-
706 4650 27 15 itie
743 4629 1 41 •
752 4651 19 9 :.••
908 4648 11 9 a
947 4644 51 18 great
1022 4639 57 18 beetle
1102 4646 22 12 we
1124 4646 12 12 s
1204 4629 2 41 •
1211 4648 47 12 see•:.
1273 4629 4 41 i
1289 4642 93 20 Mountese
1390 4641 40 17 that
1439 4644 50 11 some
1495 4638 19 17 of
1521 4638 32 15 the
1567 4637 59 17 South
1639 4636 58 15 Wales
1710 4638 40 12 men
1762 4629 38 21 hari
1809 4630 38 19 told

156 4671 19 7 ~
191 4670 8 5 •.
868 4664 1 14 .

155 4689 11 8 ii
165 4689 22 8 ..,.
202 4656 2 41 .
261 4677 22 11 .:
292 4681 8 5 ~
308 4672 133 21 proportiellate
456 4671 35 18 tie°
500 4670 51 17 when
560 4670 31 17 the
600 4669 80 17 markssto
692 4656 1 41 ,
706 4671 24 12 All
736 4667 6 15 1
751 4672 14 9 ~,
821 4671 9 7 ~
869 4656 1 41 '
895 4663 31 17 the
947 4663 63 15 Forest
1029 4667 40 11 ral.,
1167 4656 2 41 !
1204 4664 56 17 ••.iiiel
1289 4664 38 15 him
1335 4668 24 9 en
1367 4658 64 19 Pthlav
1437 4662 41 14 that
1486 4661 43 19 they
1535 4658 64 17 shonld
1606 4659 32 14 not
1652 4657 47 15 mind
1713 4656 106 15 submitting
1830 4656 19 14 to

289 4675 2 40 !
301 4695 43 20 ...ire
374 4694 19 18 If
404 4694 43 18 thee
455 4693 57 22 really
520 4698 53 12 Mean
581 4691 47 18 what
639 4691 41 18 that
691 4675 2 40 ,
706 4694 46 15 npon
769 4675 5 40 7
801 4691 18 11 :.
828 4675 2 40 :
861 4693 15 14 rzi
876 4693 6 14 ,
899 4684 48 18 their
969 4689 48 13 are.
1041 4683 34 18 ate
1100 4689 21 12 -e
1137 4675 4 40 :
1192 4685 69 17 •,,crs.l
1290 4690 9 12 a
1307 4685 32 17 ten
1346 4688 32 17 per
1387 4677 45 21 cent.
1441 4682 93 15 rednetiOn
1543 4681 18 15 in
1569 4680 51 17 order
1628 4682 19 13 to
1656 4683 44 15 'app
1713 4677 17 15 et
1741 4676 28 15 the
1780 4681 41 12 mm
1832 4675 18 15 of

158 4697 5 47 i
178 4697 2 47 .
219 4727 20 6 ...
249 4697 4 47 '
275 4731 13 4 L..
292 4719 80 18 LlMOullt
379 4713 301 28 tOkiCiinZSOndOwnalintOne,
691 4697 2 47 i
706 4711 26 19 Wt,.
732 4711 7 19 1
739 4711 14 19 .1
763 4711 12 18 t'
796 4697 1 47 ,
823 4715 8 12 .•
844 4715 18 12 ~.
876 4715 9 17 y
895 4708 35 19 Ire'
939 4710 20 15 to
966 4708 63 19 accept
1037 4706 31 19 the
1077 4706 19 17 ,'.
1104 4716 21 7 -.•
1134 4714 22 12 7,
1169 4697 2 47 .
1183 4714 12 12 :',
1206 4708 58 19 Would
1290 4707 52 17 Dean
1350 4706 63 17 Forest
1421 4703 14 18 if
1443 4703 41 18 thee
1495 4702 64 18 should
1567 4701 44 18 need
1619 4701 20 17 it,
1664 4698 86 22 il.Theers).
1775 4697 27 18 lie
1809 4702 32 12 con-

158 4756 9 11 ,.
187 4756 2 14 ,

214 4754 13 14 ..
243 4746 2 22 •
260 4746 1 22 •

230 4721 5 46 -
282 4748 8 8 ..
304 4721 1 46 •
315 4744 44 14 otlee
367 4748 19 11 as
394 4748 32 11 et:-
437 4741 18 18 .4
463 4737 32 21 lie
510 4741 81 21 greatest
607 4740 73 17 attacks
706 4737 31 17 not
745 4735 6 17 i
776 4721 2 46 .
783 4741 19 14 •e:
826 4735 18 15 e•
852 4739 18 12 •..
880 4737 19 13 1,,
907 4731 50 18 leave
965 4729 67 19 behind
1039 4728 26 19 th•
1072 4729 11 17 ::
1117 4721 2 46 •
1127 4737 15 9 ...
1156 4743 24 9 ....
1191 4721 2 46 '
1212 4736 53 12 cause
1291 4728 64 20 eluded
1370 4728 21 21 by
1407 4727 63 21 urging
1485 4731 48 17 upon
1548 4724 50 18 thou
1765 4727 26 11 au
1800 4721 48 17 the,,

1616 4727 20 14 to
1655 4722 41 18 I,Lar
1715 4727 34 12 one
1765 4722 31 17 a
1795 4721 53 17 Ahem

161 4775 20 14 ..,
223 4765 26 19 ..
249 4743 2 46 .
260 4743 2 46 '
280 4768 21 12 .e.
312 4765 33 15 :Ina
360 4763 47 21 right
423 4766 20 14 to
456 4769 9 11 is
478 4763 38 17 fair
523 4768 60 15 wages
592 4761 30 19 for
634 4767 46 17 your
691 4755 30 20 lit
730 4759 44 15 w..,,i
784 4743 2 46 ,
804 4743 5 46 !
842 4762 8 11 ~
870 4743 2 46 •
887 4761 48 14 seary
951 4754 30 17 for
992 4754 50 17 them
1057 4754 19 14 te
1111 4743 1 46 •
1154 4743 2 46 '
1185 4754 18 15 te
1212 4743 2 46 -
1227 4754 38 15 fore
1291 4752 78 17 burdens
1382 4750 18 15 in
1410 4749 58 17 whit+
1483 4754 40 11 e,,
1540 4748 50 15 1,1011,
1606 4747 66 20 victory
1682 4744 57 17 would
1753 4743 21 17 le•
1791 4743 17 18 th
1807 4743 8 18 e
1815 4743 35 18 irs.

210 4788 35 8 '•:•
257 4765 4 43 '
283 4794 8 5 ~
300 4792 6 9 r
315 4787 98 20 ..tnerience
420 4786 12 17 I.
452 4792 13 9 117
476 4786 73 17 1:Imam).
562 4785 27 17 As
600 4789 37 17 you
648 4788 31 12 are
691 4765 2 43 '
705 4780 54 18 rate-
782 4783 22 4 s•
810 4765 2 43 •
859 4782 11 12 .•
874 4779 30 15 tie.
928 4776 72 20 (Hear
1000 4774 47 18 hear.
1048 4774 11 18 )
1085 4774 13 13 i‘
1098 4774 7 13 •
1117 4765 1 43 .
1156 4780 13 11 ..,
1215 4774 51 17 srni•s
1293 4772 90 22 (Applause
1383 4772 9 22 )
1393 4772 11 22 .
1426 4770 18 17 If
1455 4770 31 15 the
1495 4770 74 15 nentere
1579 4768 53 15 elm,
1639 4767 8 15 I
1657 4773 21 9 111,
1688 4767 40 14 11,1-
1728 4767 7 14 1
1735 4767 83 14 /I..rat:tm
1826 4765 27 15 for

163 4818 6 6 s.
187 4812 24 6 •'
236 4809 9 9 •'
285 4813 18 11 -1.
312 4808 27 18 tee
347 4811 59 20 targsst
415 4809 18 17 :.f
441 4804 50 22 ~:.,:,
504 4807 18 19 iu
530 4812 124 17 consequence
660 4806 20 19 of
690 4786 2 45 f
692 4786 2 45 i
705 4808 45 17 epee
758 4808 12 9 •:
785 4802 9 17 ..
844 4800 32 17 e•e
876 4800 11 17 .
902 4805 19 12 or
937 4799 31 17 for
981 4796 64 22 deadly
1062 4801 9 11 5'
1077 4796 7 24 .
1084 4796 7 24 e
1091 4796 7 24 .
1098 4796 7 24 '
1127 4796 43 17 -:`
1248 4800 19 12 so
1293 4794 50 17 them
1350 4794 22 15 he
1382 4792 78 18 thoneht
1468 4792 31 15 the
1508 4795 20 12 ms
1533 4795 14 11 et
1569 4791 11 14 Is
1593 4788 28 17 'alt
1637 4789 15 14 n.
1652 4789 7 14 ,
1659 4789 8 14 t
1682 4787 67 21 scroyi..
1762 4788 20 14 te
1791 4792 31 11 mw
1830 4786 25 17 all

167 4839 11 18 ••••
204 4808 2 48 •
228 4808 2 48 '
250 4808 2 48 '
285 4839 17 15 -v
321 4832 93 19 advocat“:
432 4839 20 9 •'1
470 4808 4 48 ..
491 4832 13 18 I:
522 4837 51 17 wage
588 4830 91 24 question.
690 4808 5 48 s
706 4832 30 12 mos
736 4832 11 12 ,
746 4832 11 12 .
776 4808 1 48 :
806 4825 13 9 -'
853 4808 2 48 -
865 4820 137 25 e'nsTy-the)'
1016 4819 63 19 Move'.
1087 4824 17 12 s•'
1117 4826 13 11 2:
1143 4808 4 48 -
1162 4826 20 9 ~.•
1199 4820 9 14 •.
1222 4819 44 15 ::•.t.
1293 4817 32 18 the
1333 4820 60 12 means
1403 4814 17 17 in
1429 4813 47 18 their
1485 4818 57 17 poes•r
1548 4813 19 14 ts
1577 4817 48 11 eeru,.
1633 4811 48 15 these
1691 4812 37 14 net.
1744 4809 40 21 (An
1786 4808 69 19 eause.)

167 4869 6 11 ,
172 4869 6 11 s
178 4869 6 11 ,
204 4831 5 50 ;
256 4858 6 8 '•
276 4857 38 12 '!.,
326 4856 9 17 ..
353 4859 8 13 l
361 4859 9 13 e
371 4859 9 13 r
393 4831 4 50 i
397 4831 5 50 t
402 4856 9 17 -.
428 4856 14 17 .I.
452 4857 14 17 e
467 4857 14 17 e
498 4861 30 19 .i
543 4854 46 22 duty
604 4854 30 18 for
643 4859 37 17 you
705 4850 35 18 and
758 4854 13 12 ...
819 4847 43 18 -eel
879 4846 40 18 shot
932 4845 35 18 and
992 4843 34 19 hell
1041 4843 39 18 hit)
1094 4843 14 17 tS
1116 4831 2 50 •
1140 4843 53 17 roe.,
1207 4831 1 50 ,
1215 4841 9 17 f
1238 4840 30 18 the
1315 4839 18 17 A
1339 4838 56 21 voice,
1402 4837 15 17 if
1424 4841 25 11 we
1459 4841 30 11 am
1500 4834 70 18 thrown
1579 4835 30 15 ont
1618 4833 24 17 let
1651 4838 20 11 ne
1680 4833 44 21 keep
1730 4832 32 17 the
1770 4833 53 15 weter
1831 4831 24 17 in.

319 4881 18 11 '"
346 4859 1 45 •
372 4878 7 26 I
379 4878 7 26 (
386 4878 24 26 wII
410 4878 8 26 7
418 4878 8 26 '
455 4890 11 5 '-
475 4885 9 8 e
490 4878 9 20 '
500 4878 9 20 ,
509 4878 41 20 led,
569 4877 107 21 Pepplauses.
691 4859 2 45 :
705 4878 51 13 erten:
765 4859 4 45 -
810 4872 13 15 le
828 4876 27 12 mrt
863 4869 117 18 ekirtnishers
989 4872 46 13 were
1043 4865 72 19 thrown
1123 4867 32 14 out
1162 4867 20 14 to
1191 4864 34 17 feel
1238 4863 31 17 the
1317 4866 34 15 Mr.
1358 4864 54 17 Wln
1413 4864 83 19 Morgan,
1502 4863 24 15 T,
1526 4863 12 15 ,
1538 4863 61 15 ,,,e,
1609 4860 18 15 ef
1638 4860 30 15 the
1683 4859 60 17 Fmi•et
1757 4859 31 15 nel
1795 4864 18 11 al
1821 4863 34 11 wm
1860 4859 1 45 •

165 4911 14 14 •e
180 4911 7 14 !
187 4911 15 14 ,.
214 4904 8 18 e
231 4904 32 21 '''.,
288 4904 18 9 ee
360 4904 18 13 et
393 4903 26 14 tle
461 4880 1 45 ,
472 4880 4 45 !
484 4902 61 15 ertant
562 4899 83 22 junction
658 4902 19 15 to
691 4880 1 45 !
704 4896 80 21 posit..,..
801 4903 6 8 ,
813 4893 6 17 f
830 4892 32 18 In.,
878 4892 107 20 enemy-to
999 4889 54 18 know
1065 4892 47 12 were
1126 4886 71 21 exactly
1209 4885 15 18 it
1233 4891 35 11 was
1296 4890 43 14 next
1346 4886 58 18 called
1416 4891 53 15 np,m.
1487 4885 38 15 si,,id
1535 4884 25 15 he
1574 4883 78 18 thought
1667 4881 32 17 the
1714 4880 43 18 time
1765 4885 35 13 was
1808 4885 50 12 come

169 4928 34 20 etee
203 4928 8 20 e
211 4928 18 20 s!
244 4902 2 46 !
262 4902 1 46 '
292 4924 30 17 lel
338 4923 64 21 action,
417 4924 9 15 e
437 4930 21 9 •-•-•
483 4924 25 18 :•'!:
523 4930 20 12 :IS
560 4928 72 14 SnCeOPS
644 4926 34 14 can
705 4917 52 20 loent.
765 4917 15 18 ,i.
817 4916 26 19 To
857 4920 30 13 see
901 4912 81 20 whether
994 4911 45 24 they
1051 4916 46 13 were
1110 4910 19 18 in
1142 4909 50 18 force
1200 4907 41 18 here
1250 4912 21 12 or
1297 4911 51 17 when
1356 4910 13 15 it
1378 4913 33 11 RaS
1421 4907 31 17 WiAr
1452 4907 8 17 ,
1473 4909 20 15 is
1506 4905 32 18 ask
1616 4904 14 17 is
1723 4907 44 12 were
1775 4903 44 15 thee
1834 4902 25 15 all

170 4949 19 20 Te
189 4949 9 20 e
211 4944 18 28 ,2
246 4919 2 53 •
255 4919 2 53 •
282 4944 18 17 f.e.
300 4919 5 53 •
314 4944 20 22 by
346 4951 31 12 nue
391 4946 67 17 imhe.,
474 4955 8 8 :,
491 4948 52 21 renk,
553 4946 57 21 (hear.
619 4945 58 19 hear)
690 4944 7 17 !,
704 4942 58 19 there.
797 4939 60 18 When
921 4944 22 12 (se
875 4938 31 19 the
946 4943 40 17 ems
1002 4942 38 12 woo
1055 4931 107 24 divOvered,
1181 4930 44 20 these
1239 4930 31 20 the
1297 4933 56 18 union
1365 4937 40 13 men
1420 4937 21 17 pr
1453 4932 39 15 soul
1499 4930 7 17 S
1518 4928 58 19 would
1592 4926 24 19 all
1632 4928 53 17 nisi.
1700 4931 41 12 melt
1749 4925 48 18 ellsew
1808 4919 14 24 it
1834 4924 24 18 by

169 4971 26 19 f,,,,
204 4972 15 20 .-.
242 4942 2 51 '
254 4942 1 51 ,
289 4972 33 12 ~•,,.,
334 4970 56 17 WOUld
403 4975 7 12 r
410 4975 21 12 ,,,
431 4975 21 12 -*,
469 4970 22 17 a:I
506 4970 103 18 reductione
621 4970 34 18 but
665 4961 13 26 I
690 4942 2 51 '
704 4964 74 25 general
787 4963 79 24 brought
874 4969 24 12 on
906 4962 28 18 his
943 4961 64 18 forces,
1019 4958 33 18 the
1064 4957 83 22 artillery
1162 4956 66 20 taking
1240 4955 31 18 the
1297 4957 48 19 their
1365 4956 61 18 hands,
1446 4955 50 21 (here
1511 4958 11 12 a
1544 4952 56 18 forest
1615 4950 18 20 of
1654 4950 57 18 hands
1724 4955 45 12 were
1789 4942 70 25 raised.

170 4994 7 18 f
177 4994 15 18 ee
200 4972 4 45 :
223 4990 13 22 e,
243 4972 1 45 ,
255 4993 8 9 e
276 4991 12 11 *-
295 4972 1 45 •
305 4996 8 13 e
321 4989 35 19 who
365 4990 43 18 have
424 4993 40 19 paid
478 4993 43 17 ie,t
536 4993 38 17 into
582 4993 31 17 the
621 4993 57 17 union
689 4972 2 45 '
703 4988 47 18 lead.
763 4988 34 17 The
810 4985 80 21 ertillery
901 4990 35 12 was
946 4983 39 18 first
993 4983 19 17 in
1020 4982 67 19 action,
1097 4981 20 17 in
1124 4980 53 17 order
1185 4982 20 14 to
1211 4977 60 19 knock
1298 4981 27 15 He
1333 4977 89 24 imagined
1430 4977 39 17 that
1481 4976 14 17 if
1506 4976 51 17 there
1566 4981 34 9 was
1609 4980 11 11 a
1626 4974 99 15 non-union
1734 4977 43 12 den
1789 4972 71 21 present

171 5016 7 6 e
184 5017 18 17 !..,

210 5027 7 8 .!

237 5015 15 26 ,•,•
262 5015 26 25 !•e
295 5015 14 11 e.
318 5016 27 12 are
354 5015 31 19 apt
392 5015 19 14 te
420 5014 18 15 -It
438 5014 7 15 ,
454 5016 18 14 at
481 5015 31 15 the
520 5014 71 17 loudest
599 5015 35 15 and
647 5020 31 15 say
690 4994 1 47 !
704 5010 31 18 dos
745 5015 18 12 n.
772 5009 92 18 whs•rever
873 5006 84 22 pomible,
966 5006 31 17 the
1005 5003 79 19 enemies
1091 5002 93 17 batteries.
1207 5000 64 21 (Hear,
1298 5002 21 17 he
1329 5007 35 11 was
1380 5000 85 17 asbatued
1478 4998 19 17 of
1512 4997 78 18 himolf,
1606 4996 31 15 but
1650 5001 47 12 some
1710 4995 33 20 day
1753 4996 13 14 it
1775 4994 85 15 we:liaise

171 5041 9 13 se
181 5041 5 18 .
197 5044 9 14 e

230 5035 25 31 ~;
268 5016 1 50 •
278 5035 27 13 eta
319 5036 66 18 present
397 5041 57 14 woe,
468 5041 20 13 or
503 5035 59 19 etrike•
562 5035 8 19 •
570 5035 9 19 '
604 5035 38 19 But
653 5035 25 19 let
690 5016 1 50 '
703 5031 58 19 hear.)
785 5030 38 19 The
834 5029 64 19 Forest
907 5028 78 19 mestere
991 5026 35 19 bast
1036 5030 40 13 now
1090 5023 66 18 offered
1169 5022 51 19 their
1231 5027 41 12 men
1298 5023 57 18 found
1362 5022 41 18 that
1416 5021 30 18 the
1460 5021 51 21 mewl
1519 5020 19 17 of
1550 5020 30 15 the
1593 5017 79 22 preldinet
1682 5022 35 11 war
1730 5022 17 11 en
1756 5016 30 17 the
1795 5016 4 50 •
1811 5017 50 19 slung.

302 5054 80 22 whateeer
390 5060 43 18 mash
443 5066 37 12 e-In
490 5066 40 17 taste
537 5066 32 17 eee
578 5060 15 18 it
601 5059 35 19 will
646 5061 32 17 not
691 5037 1 45 :
703 5054 64 20 tette,
782 5054 34 20 an!
829 5054 53 20 there
896 5057 46 13 were
956 5049 44 25 only
1007 5055 12 13 a
1026 5048 34 19 few
1068 5048 43 24 &eye
1120 5047 34 19 left
1162 5043 110 21 toeonsider
1299 5047 53 22 Many
1372 5044 86 22 meetings
1479 5041 37 20 had
1530 5042 44 17 leesa
1598 5040 41 19 hell
1668 5040 17 18 ia
1706 5039 24 18 le,
1735 5044 21 11 au
1782 5037 78 19 :erred,

267 5061 4 40 `
295 5081 19 13 to
330 5079 27 21 the
373 5087 45 14 comm
418 5087 12 14 e
430 5087 24 14 e,
474 5089 50 12 reese
543 5082 34 19 and
596 5081 83 20 business
690 5061 2 40 ,
705 5080 79 18 wh.ther
798 5079 32 19 the
844 5076 96 24 challenge
954 5074 65 20 should
1031 5074 21 18 be
1069 5070 86 24 accepted
1163 5076 20 13 Or
1192 5069 31 19 the
1232 5074 40 13 men
1299 5070 35 19 and
1358 5069 22 18 he
1404 5068 44 19 with
1475 5067 31 19 the
1533 5066 69 19 officers
1628 5065 19 18 of
1671 5062 31 20 the
1723 5062 74 19 district,
1827 5061 34 19 had

2091 462 31 7 ..._
2183 462 4 7 .

1800 496 132 19 recommended
1951 495 34 18 and
2004 495 24 17 he
2043 493 98 24 peregieed
2161 491 24 18 all
2205 496 11 11 e
2222 496 13 11 e.
2235 496 7 11 ,
2261 495 44 11 were
2324 494 22 12 no

1799 522 20 17 in
1847 521 56 15 union
1929 521 20 14 ts
1978 517 46 18 avail
2043 515 107 19 themselves
2173 514 20 18 of
2230 514 21 19 it,
2274 511 83 18 notwith-
2367 488 2 51 I
2949 488 2 51 !
2989 497 117 25 LASTON
3120 493 136 25 DISTRICT
3267 491 38 22 OF
3314 489 60 22 THE
3386 488 118 21 AMALGA-

2215 490 11 9 -'
2349 490 6 15 t
2380 485 61 22 THE
2460 483 137 22 POSITION
2608 483 38 20 OF
2655 481 60 21 THE
2726 477 96 24 SOUTH
2833 475 103 21 WALES
2962 470 161 24 DELEGATE
3148 467 136 22 MEETING
3308 464 38 20 OF
3367 463 60 20 THE
3452 463 39 19 DA
3497 462 26 19 ts...'

2460 511 73 22 IRON
2554 509 64 22 AND
2637 508 78 24 COAL
2734 503 124 25 TRADES.

1800 542 81 20 standieg
1909 541 37 17 thie
1972 546 47 9 some
2048 544 44 9 were
2119 537 89 17 reluctant
2237 535 19 17 in
2283 536 69 19 respect
2367 534 2 28 !

1800 567 20 14 to
1827 563 74 21 joining,
1911 561 87 20 rolthough
2010 561 43 20 they
2065 561 51 15 must
2128 560 45 15 have
2186 557 46 17 been
2244 561 59 13 aware
2315 555 41 18 that
2367 524 2 61 1
2402 549 26 18 At
2437 554 11 12 a
2456 548 52 38 large
2507 548 9 38 h
2517 548 74 38 ereeing
2600 547 19 15 in
2627 544 98 39 Treeemoe
2734 543 19 17 of
2766 541 57 19 South
2832 540 63 17 Wales
2903 539 34 17 and
2950 524 2 61 ,

1801 591 47 12 some
1859 583 34 18 dav
1909 589 21 12 or
1945 583 52 17 other
2011 581 44 21 they
2069 580 60 18 would
2145 580 54 15 suffer
2212 579 27 17 for
2248 578 20 17 it.
2293 526 802 71 (Hear,MATED
3105 521 196 24 ASSOCIATION
3311 519 38 21 OF
3364 515 123 22 MINERS.

1801 607 56 20 hear.)
1880 601 39 24 The
1932 612 33 11 sun
1978 604 28 19 del
2022 606 31 15 not
2067 602 65 18 always
2145 601 56 18 shine.
2225 600 48 21 They
2283 605 73 12 remetu-
2382 568 117 19 Monmoutlis
2512 574 8 33 I
2520 574 9 33 K
2530 574 9 33 e
2551 572 78 33 ironwore
2629 572 9 33 l
2639 572 31 33 ers
2687 562 65 41 delegates.
2752 562 39 41 fft.Na
2791 561 5 66 t
2796 561 5 66 p
2800 561 5 66 o
2805 561 11 40 re
2816 561 5 66 o
2820 561 11 40 li
2831 561 6 40 l
2837 561 6 40 d
2843 561 6 40 .
2849 561 6 40 e
2855 561 6 40 k
2861 561 6 40 i
2867 561 24 40 s,o,
2890 561 12 40 ev
2902 561 6 40 i
2908 561 6 40 e
2914 561 12 40 :,
2926 561 6 40 r
2931 561 6 40 .

2381 593 24 20 by
2414 592 34 18 Mr.
2458 591 48 18 John
2535 594 39 15 am,
2587 594 54 17 pre.
2648 591 31 14 ent
2687 593 11 11 o
2745 591 2 22 ,
2799 591 2 22 .

2818 606 21 19 ed
2855 605 40 19 that
3018 601 6 18 i
3037 602 30 17 1--
3083 600 11 11 ,
3106 599 13 19 f
3158 596 19 19 of
3189 596 45 17 dine
3236 591 4 34 •
3255 591 2 34 -
3268 600 27 12 vv.,
3295 600 7 12 -
3318 593 39 18 he'l
3371 599 22 11 on
3410 591 80 18 \lonia..
3504 593 19 14 at

2950 556 2 41 '
2963 580 32 18 the
3004 580 22 17 ltd
3032 556 52 18 usual

3041 579 45 20 .ge
3086 554 7 40 s
3093 554 7 40 m
3100 554 7 40 i
3107 554 7 40 o
3115 554 7 40 u
3122 554 22 40 ntM
3144 554 22 40 the
3167 554 8 40 y
3181 550 6 41 D
3187 550 6 41 m
3193 550 20 41 7rl
3213 550 6 41 t
3219 550 6 41 i
3224 550 7 41 i
3231 550 28 41 tYon
3260 550 14 41 of
3274 550 7 41 e
3281 550 7 41 d
3288 550 14 41 is
3302 550 7 41 e
3309 550 7 41 t
3317 550 7 41 l
3324 550 28 41 rret
3352 550 14 41 ee
3366 550 14 41 of
3380 550 7 41 s
3397 547 122 43 reth'e'reee'mantligeng-

1800 631 54 19 bered
1869 628 31 20 the
1915 632 51 19 story
1981 627 19 19 of
2015 626 41 19 that
2067 626 28 19 old
2102 621 43 31 :lap
2160 626 20 17 at
2193 624 32 18 the
2236 622 44 19 time
2291 621 19 19 of
2324 621 32 18 the

1801 654 69 21 deluge.
1893 652 56 21 Many
1958 657 45 12 were
2010 650 32 19 the
2053 654 90 17 warniugs
2156 647 63 25 given..
2224 646 33 19 lent
2271 645 85 19 notwith-
2381 639 83 25 eueelen.
2494 659 7 6 ,
2574 639 4 37 .
2600 640 19 20 ee.

2472 637 19 18 of
2506 634 94 19 reduction
2617 634 12 18 h
2642 633 13 19 11
2670 614 5 40 '
2682 639 9 12 e
2700 631 91 20 discussed
2806 633 20 14 at
2836 628 38 21 the
2882 626 56 20 forth-
2963 626 32 19 the
3008 624 90 24 Elephant
3111 621 34 19 ant
3158 620 63 19 Castle
3235 619 40 18 lie,.
3286 615 80 19 Waletill.
3392 614 57 19 There
3463 620 37 11 Voia
3511 619 12 12 a

2381 614 39 19 tion
2428 613 19 20 of
2456 612 123 20 Ironworkers
2597 612 15 17 it
2626 611 31 18 haa
2673 609 44 18 been
2728 606 111 20 determined
2877 607 18 15 at
2908 604 31 18 the
2963 605 54 15 mate,
3033 614 7 5 ,
3051 606 56 13 sane.
3117 605 28 12 ion
3242 601 17 12 rs
3283 601 4 32 .
3295 604 8 7 e
3341 604 8 6 ..
3411 601 5 32 .
3478 604 18 8 ..

1801 676 85 20 standing
1890 676 35 17 this
1932 673 61 22 people
2001 672 67 19 heeded
2073 672 37 19 not,
2117 671 37 18 sad
2159 672 30 19 yet
2197 674 52 21 w,..n
2257 669 30 17 the
2293 669 64 21 deluge
2368 666 1 30 ,
2381 666 72 17 coming

2459 664 11 21 .
2470 664 96 21 comerence
2572 658 19 17 in
2600 656 122 19 Manchester.
2783 659 41 12 men
2832 650 106 20 &redivided
2963 648 35 18 full
3012 646 107 20 attendance
3132 645 20 18 of
3163 645 90 20 deleieites
3266 644 77 20 eres,ee.
3367 639 35 18 elle
3416 639 22 18 G.
3452 638 71 20 Carter,

2381 704 99 22 employers
2489 704 45 17 have
2549 707 51 17 given
2608 700 59 18 notice
2674 699 20 18 of
2701 706 11 11 a
2720 698 87 19 cessation
2816 698 19 18 of
2846 697 92 18 contracts

1801 704 53 13 came,
1864 698 31 17 the
1907 697 60 21 people
1982 700 45 12 were
2040 699 100 17 unprepare
2147 693 11 18 e
2170 697 35 13 AR:
2218 691 20 17 I'M
2246 697 7 15 ,
2254 697 7 15 y
2274 696 45 12 Were
2330 690 26 17 all
2369 690 33 14 :.
2409 685 20 15 to
2438 681 109 21 Submitting
2558 683 20 22 !.0
2590 685 11 12 a
2626 679 44 20 drop
2708 678 39 20 bet,
2754 676 94 18 inasmuch
2859 679 21 12 as
2891 672 48 19 their
2963 671 92 22 prettiest
3064 670 19 17 of
3093 670 32 15 the
3136 667 78 19 aistriet,
3223 664 89 24 presided.

1801 719 90 19 rensindee
1899 719 19 18 of
1926 719 31 17 the
1965 717 63 19 result.
2050 717 47 20 Only
2106 722 11 11 a
2125 716 34 17 few
2169 717 46 13 went
2223 713 40 17 into
2270 712 31 18 the
2314 712 43 20 Ark,
2368 712 1 26 '

2950 711 4 25 I
3364 711 5 25 .
3502 711 9 11 a

2952 686 1 38 ;
2965 698 41 13 THE
3018 696 110 15 CHAIRMAN
3139 694 31 21 OF.
3178 693 40 13 THE
3236 691 9 30 I
3246 691 11 30 ,
3256 691 74 30 I,TnIcT
3343 690 19 30 ON
3361 690 11 30 .
3385 687 34 37 I:illi
3419 711 48 13 tem
3469 686 2 38 E
3471 686 2 38 h
3474 687 8 35 sTß
3482 686 2 38 t
3484 686 4 38 f
3490 686 17 35 :E
3507 686 8 35 t
3515 686 8 35 .

1801 743 35 18 and
1845 743 52 17 while
1904 742 37 17 this
1950 741 64 17 &Mee
2022 745 24 12 on
2054 738 31 18 the
2092 737 61 19 bosom
2161 737 19 17 of
2194 737 31 15 the
2235 735 70 21 mighty
2313 735 44 21 deep
2368 710 1 51 1
2382 726 72 22 merely,
2461 725 37 19 end
2512 726 33 17 not
2561 724 19 18 of
2593 724 31 18 the
2631 723 60 18 actual
2707 724 73 14 amount
2797 720 22 21 by
2828 718 60 19 which
2896 717 43 21 they
2987 716 39 18 The
3034 716 98 17 Chatrman
3145 711 38 19 sale
3197 711 39 18 that
3252 711 21 15 he
3282 710 43 15 reed
3338 711 41 15 no
3379 711 12 13 t.

1801 765 47 17 their
1857 763 76 19 kindred
1941 763 35 17 hod
1984 763 63 17 fallen.
2070 761 27 17 He
2106 758 61 18 feared
2179 758 40 18 that
2228 757 31 18 the
2267 757 64 18 Forest
2337 756 19 18 of
2368 756 1 26 i

2368 769 2 24 .
2382 770 78 22 thought
2476 772 7 15 t
2513 769 129 17 deliberations

2382 750 58 17 desire
2454 749 32 17 the
2498 746 80 25 existeng,
2585 751 50 17 wage
2652 746 38 17 rate
2702 746 19 15 to
2738 744 21 17 be
2767 742 109 19 dinnuiehed
2894 741 15 17 it
2924 739 15 18 is
2952 735 1 37 ,
2965 738 44 21 they
3015 743 45 12 were
3074 735 70 27 enenged
3144 735 11 27 .
3167 735 38 17 inn

3211 731 8 27 .
3220 731 84 27 struggle,
3313 730 31 18 the

3351 730 8 31 .
3359 730 35 31 orel
3400 728 8 35 i
3409 728 8 35 .
3417 728 9 35 A
3426 728 9 35 —
3436 728 47 35 whice
3483 728 9 35 .
3502 730 19 14 at

2485 771 21 15 he
2650 767 19 18 of
2685 767 31 17 the
2730 764 110 19 Conference
2854 765 19 15 at
2889 763 50 17 Man-
2965 761 31 17 the
3004 762 73 20 present
3087 762 44 14 time
3139 759 14 14 it
3162 763 35 9 was
3210 756 102 19 nupoeabie
3321 757 19 13 to
3347 752 69 17 foresee
3419 755 48 13 —tar
3477 750 45 17 him.

1802 788 52 17 Dean
1865 791 41 11 men
1920 790 46 12 were
1982 789 22 13 on
2020 783 32 18 the
2067 788 31 12 eve
2114 782 19 17 of
2147 787 11 11 a
2173 783 52 19 great
2241 778 113 21 struggle—a

1802 809 57 18 battle
1873 814 37 11 was
1926 808 53 17 about
1995 808 20 17 to
2027 804 43 18 take
2081 803 54 22 place,
2147 801 89 22 although
2245 801 39 18 God
2297 800 59 17 forbid
2382 794 76 18 chester,
2467 791 58 18 which
2532 790 37 18 will
2577 789 86 18 assemele
2672 790 32 15 not
2715 789 54 15 latter
2778 787 44 17 than
2831 785 31 17 the
2869 784 43 18 25th
2920 783 20 18 of
2965 783 40 19 self,
3017 782 37 17 awl
3066 781 20 17 he
3096 780 44 17 had
3139 784 24 12 no
3171 777 104 26 doubtthet
3283 781 89 28 eseryone
3380 776 40 32 peese
3420 776 8 32 ,
3429 776 25 32 :nt
3462 778 7 19 w
3469 778 8 19 .
3478 771 44 25 ould

1802 831 40 18 that
1865 830 15 18 it
1903 829 69 19 should.
2007 828 63 21 (Hear,
2093 826 58 21 hear.)
2186 823 44 18 Last
2252 822 50 19 week
2326 822 32 18 the
2382 815 50 22 May,
2440 814 37 18 will
2485 815 21 17 be
2513 813 50 22 early
2571 810 70 24 enough
2653 814 19 14 to
2680 813 47 15 meet
2741 809 31 19 the
2780 808 21 21 re
2802 808 11 21 q
2812 808 98 21 uirement.
2921 806 19 18 of
2989 804 43 14 ehe

3129 808 5 11 i

2965 810 33 12 no.
3013 819 18 4 .e.
3044 809 50 15 berry
3103 802 14 18 if
3136 806 7 13 t
3152 807 37 11 was
3202 798 56 18 ended
3272 798 105 24 skit,l4i...
3389 800 64 15 ,lit..tl.
3465 796 58 18 near.)

1802 854 65 19 offiders
1891 854 19 18 of
1937 852 47 19 their
2007 852 56 18 union
2085 854 46 13 were
2153 846 97 24 appointee
2278 848 19 15 to
2323 850 33 17 py
2369 815 1 58 ,
2382 839 32 17 the
2421 842 47 13 men.
2487 835 70 19 Should
2564 841 11 12 a
2583 835 57 18 strike
2648 840 20 11 or
2676 840 12 11 s
2695 833 80 18 lock-out
2784 830 43 18 take
2832 830 56 22 place,
2893 828 47 19 from
2966 828 58 18 There
3039 826 35 18 had
3090 824 44 18 been
3150 822 70 19 certain
3235 820 113 22 seeeestimis
3365 823 69 12 terowe
3449 817 33 18 out
3497 815 25 22 by

1802 878 67 17 certein
1906 881 40 13 men
1981 874 40 19 who
2054 873 35 18 had
2121 872 46 17 been
2205 868 79 19 unfairly
2323 868 33 17 dis.
2383 861 60 20 14,000
2452 862 18 17 to
2479 859 60 19 16,000
2546 856 119 20 ironworkers
2674 861 63 18 proper
2741 854 37 19 will
2786 854 22 18 be
2817 852 123 22 unemployed,
2966 849 11 24 g
2976 849 91 24 entlemen
3080 848 39 18 who
3132 846 34 19 hail
3176 846 73 17 written
3261 846 20 15 to
3294 842 30 19 the
3338 848 69 15 papers,
3416 840 37 18 and
3463 837 59 19 which

1802 899 83 21 charged,
1898 898 33 17 but
1951 898 52 17 when
2017 896 32 17 the
2065 894 51 19 cards
2132 893 35 19 and
2187 893 32 17 the
2237 887 43 22 book
2280 887 12 22 s
2311 896 45 11 were
2382 883 69 18 besides
2467 883 39 17 vast
2523 880 84 19 numbers
2623 880 19 18 of
2660 880 53 17 other
2727 879 66 17 classes
2807 875 19 19 of
2841 875 97 18 workmen.
2965 880 46 11 so-ere
3019 870 76 20 entitled
3106 873 20 14 to
3133 868 47 19 thar
3193 867 138 19 comeleration.
3356 866 38 15 Tile
3402 862 5 58 i
3413 865 27 17 hes
3449 862 20 19 of
3480 867 32 13 con-

1802 920 109 20 contrasted,
1919 920 15 17 it
1943 925 35 11 was
1987 918 57 18 found
2055 918 40 17 that
2104 917 31 17 the
2150 914 51 19 cares
2215 913 70 18 showed
2295 919 9 9 a
2317 913 40 17 aefi-
2382 906 18 17 It
2408 906 15 17 is
2432 905 60 18 stated
2504 904 47 20 that,
2563 902 76 22 judging
2653 901 47 18 from
2714 900 30 18 the
2753 900 73 17 aeverse
2836 904 74 12 manner
2921 898 19 25 in
2966 895 81 18 ciliation
3054 893 87 22 appeared
3151 887 6 44 t
3157 887 6 44 t
3163 887 6 44 e
3169 887 6 44 h
3175 887 13 44 b?
3188 887 6 44 ,
3194 887 20 44 ert
3214 887 6 44 ,
3220 887 34 44 itoen
3254 887 6 44 .
3260 887 6 44 e
3266 887 13 44 .,
3279 887 6 44 ,
3285 887 7 44 ,
3292 887 7 44 e
3299 887 7 44 n
3306 887 28 44 roun
3334 887 7 44 (
3341 887 7 44 .
3348 887 7 44 l
3356 887 7 44 l
3363 887 7 44 l
3370 887 7 44 .
3377 887 7 44 -
3384 887 28 44 1:LI
3423 886 5 54 I
3428 886 5 54 h
3432 886 9 40 es
3442 886 14 40 ..o
3456 886 5 54 f
3461 886 5 54 r
3465 886 9 40 or
3475 886 6 40 )
3488 889 35 13 one

3515 907 7 17 f

1802 944 61 20 eieney
1877 943 18 17 of
1910 941 91 21 payment,
2015 939 34 18 and
2065 939 31 17 the
2104 938 57 17 result
2169 941 38 12 was
2220 941 25 11 no
2256 934 102 18 aliewance.
2382 926 59 19 which
2448 926 32 18 the
2489 926 83 20 Maesteg
2576 925 70 17 colliers
2650 924 46 17 have
2705 921 80 18 received
2793 920 35 18 Mr.
2837 920 85 19 Hallelay
2931 925 7 9 s
2966 924 37 9 was
3014 917 40 21 glad
3071 919 20 14 to
3106 921 8 11 s
3132 913 4 51 •
3176 914 9 15 i.
3209 914 27 19 lei
3255 913 30 14 siti

1802 965 51 21 They
1860 965 25 17 all
1893 963 90 24 professed
1997 965 20 14 to
2030 961 20 17 be
2065 960 57 18 union
2130 965 46 14 men,
2185 958 33 18 but
2226 963 45 12 were
2284 957 41 21 they
2339 961 20 12 so
2383 948 104 22 suggestion
2502 950 20 15 to
2535 947 63 20 accept
2608 952 11 11 a
2630 948 32 14 ten
2676 951 32 15 per
2721 946 46 14 rent,
2781 943 99 17 reduction,
2890 940 51 18 there
2953 919 1 67 ,
2967 939 43 18 such
3024 945 11 11 a
3047 938 56 18 boned
3116 941 37 11 was
3165 919 65 33 formee
3230 919 12 33 '
3250 933 24 18 he
3286 927 86 25 sine.e.ify
3386 930 57 21 hoekel
3456 930 40 17 that
3510 930 13 17 it

1802 989 19 15 in
1830 987 64 21 reality
1899 989 7 14 ?
1931 985 54 19 Mach
1995 985 34 18 had
2036 985 46 15 been
2094 983 38 18 said
2147 983 18 15 in
2179 980 64 22 regent
2255 983 20 15 to
2289 979 31 18 the
2331 985 26 12 re-
2369 952 2 57 -
2382 978 32 12 are
2421 977 72 13 reasons
2502 970 30 18 for
2539 969 90 22 believing
2636 967 43 18 that
2687 967 15 18 it
2709 965 35 19 will
2754 965 22 18 be
2785 964 71 22 equally
2864 963 73 18 difficult
2953 952 2 57 '
2967 960 56 18 woule
3034 965 54 18 prove
3105 958 104 19 succeesful.
3223 958 32 15 tut
3267 954 64 32 shoeld
3346 959 8 34 a
3354 959 9 34 f
3373 952 12 40 hi
3385 952 6 40 ,
3391 952 6 40 t
3397 952 6 40 r
3403 952 6 40 e
3409 952 6 40 h
3415 952 6 40 h
3420 952 6 40 r
3426 952 6 40 o
3432 952 6 40 ,
3438 952 6 40 o
3444 952 6 40 f
3450 952 6 40 e
3456 952 7 40 f
3463 952 7 40 u
3470 952 14 40 oo
3484 952 7 40 r
3502 952 5 57 h
3507 952 11 39 fo
3517 952 6 39 e

1804 1010 79 19 unction,
1891 1009 33 17 but
1935 1007 31 17 did
1978 1007 43 21 they
2034 1006 25 17 all
2069 1004 112 19 understana
2196 1004 48 17 what
2258 1003 13 15 it
2284 1003 60 15 meant
2350 1002 8 15 ?
2383 998 19 13 to
2411 996 31 20 get
2448 993 32 18 the
2487 991 65 20 ironwo
2552 991 56 20 rkers
2616 990 91 21 generally
2715 991 19 15 to
2741 990 76 15 consent
2823 989 19 15 to
2848 992 45 12 even
2898 985 41 18 that
2953 976 2 53 ,
2967 984 65 18 should
3047 983 60 21 prefer
3123 981 67 20 having
3204 979 32 19 the
3249 981 85 21 queetten
3345 978 37 15 o
3381 976 51 17 :if

3432 983 6 18 .
3438 983 7 18 1

1804 1031 69 17 Where
1884 1036 11 12 a
1906 1036 41 11 man
1962 1035 39 11 now
2017 1026 66 19 earned
2100 1026 28 18 ..£0
2143 1031 31 15 per
2186 1024 64 18 month
2264 1024 27 17 his
2300 1029 59 12 WAMVS
2382 1017 76 25 muomit
2466 1016 18 17 of
2492 1015 87 17 decrease.
2603 1013 26 17 As
2641 1011 74 21 regards
2728 1017 11 11 a
2752 1010 69 18 certain
2835 1009 73 21 portion
2921 1007 19 17 of
2954 997 1 51 ,
2967 1006 33 18 fall
3008 1005 46 18 beck
3067 1011 52 14 upon-
3145 1002 112 22 (Applanee.)
3282 1000 27 17 lie
3318 999 31 17 del
3363 1002 31 14 not
3404 998 66 17 believe
3482 997 41 17 that

1805 1052 57 18 would
1870 1052 22 18 be
1900 1050 76 20 reduced
1984 1051 20 18 to
2011 1050 30 19 ..£4
2049 1050 35 17 10e.
2105 1048 30 18 He
2141 1046 78 22 thought
2229 1045 40 18 that
2278 1045 35 17 this
2321 1044 38 18 Mes.
2370 1018 1 52 .
2383 1037 32 18 the
2424 1037 19 17 ea
2448 1037 38 17 elsh
2494 1036 77 19 colliers,
2578 1041 11 11 a
2596 1033 106 22 disposition
2709 1032 33 17 hais
2747 1031 79 20 recently
2833 1030 109 17 manifested
2967 1029 43 21 they
3018 1028 37 17 bad
3060 1026 91 21 anythieg
3158 1026 20 15 to
3185 1024 38 17 fear
3231 1023 47 17 from
3288 1020 109 20 submitting
3406 1020 46 17 their
3459 1018 64 18 claims

1804 1082 32 15 per
1843 1075 63 18 month
1912 1074 59 18 would
1978 1074 47 17 bets
2030 1071 40 18 well
2079 1071 19 18 in
2104 1070 28 18 his
2141 1069 64 22 pocket
2212 1074 20 12 as
2241 1069 31 15 the
2277 1068 107 15 masters
2385 1059 50 17 itself
2445 1064 66 17 among
2518 1057 50 19 them
2576 1057 40 18 that
2624 1056 61 18 Wades
2694 1054 64 18 should
2770 1052 57 18 break
2835 1051 26 19 off
2868 1057 74 13 cornice.
2967 1052 20 17 to
2995 1056 22 12 an
3027 1048 91 22 impartial
3126 1046 76 21 umpire,
3210 1044 34 19 onel
3257 1044 22 18 he
3289 1043 104 18 challeneed
3407 1042 32 17 the
3448 1044 76 13 masters

3204 1068 34 17 hat
3247 1067 74 17 .vrbr
3328 1065 17 17 ,k
3358 1056 13 26 11'
3383 1070 22 11 Ms
3441 1070 18 9 m
3464 1063 60 17 talent

1805 1098 38 17 The
1859 1098 63 17 Forest
1938 1102 40 12 men
1993 1096 37 17 had
2041 1100 54 13 never
2108 1094 46 17 been
2169 1089 91 20 advanced
2276 1089 35 19 like
2328 1089 32 18 the
2372 1070 1 45 .
2385 1082 38 27 tiea
2432 1082 43 17 with
2490 1083 31 15 the
2535 1077 137 32 eemalgamatee
2681 1077 118 19 Association,
2807 1075 37 18 awl
2858 1075 48 17 form
2917 1080 25 11 an
2967 1075 20 15 to
2995 1072 47 18 show
3052 1071 40 18 that
3106 1070 30 18 the
3150 1075 41 12 meu
3228 1072 28 11 ~
3269 1070 4 45 ,
3282 1070 4 45 .
3304 1070 4 45 ,

3309 1070 5 27 '
3322 1070 5 27 '
3347 1071 8 9 '
3383 1070 4 27 .

3451 1070 20 32 .l
3471 1070 9 32 .
3481 1070 43 32 when

1805 1143 32 17 the
1878 1120 35 18 and
1920 1119 70 18 Welsh.
2015 1116 41 19 Had
2063 1116 32 19 the
2102 1115 65 18 Forest
2177 1120 41 12 men
2230 1119 45 17 gone
2283 1119 24 15 up
2315 1111 45 18 with
2385 1110 18 12 in
2409 1103 96 24 lependent
2519 1103 70 18 Miners
2611 1101 67 19 Union.
2702 1100 21 18 In
2739 1098 59 20 order,
2812 1096 98 20 therefore,
2923 1097 20 17 to
2968 1096 51 17 when
3027 1095 14 18 it
3050 1094 37 18 had
3093 1093 45 17 been
3145 1096 48 13 come
3201 1093 25 17 to.
3231 1096 20 12 or
3256 1089 47 21 oleo,
3311 1088 28 18 ..el
3347 1093 20 12 to
3373 1093 25 12 au
3406 1093 24 9 ee
3435 1091 25 11 el.

1805 1143 32 17 the
1853 1142 83 19 markets,
1952 1141 43 20 they
2014 1139 64 21 miett,
2093 1139 37 17 like
2150 1137 31 17 the
2199 1135 112 19 Scotchmen,
2328 1136 32 15 not
2385 1133 6 32 i
2391 1133 7 32 .
2398 1133 14 32 :e
2412 1133 7 32 .
2419 1133 21 32 e7e
2440 1133 7 32 h
2453 1127 31 17 the
2497 1124 67 19 existin
2584 1123 105 18 connection
2708 1122 35 18 Mr.
2835 1120 79 17 Thomas
2931 1119 51 17 ait
2991 1117 35 18 had
3034 1117 44 18 been
3086 1116 59 20 given.
3168 1114 38 17 One
3214 1113 19 18 of
3244 1113 20 17 te
3272 1108 5 57 ,
3286 1111 34 15 ie.',
3328 1111 54 15 .rtant
3393 1109 65 17 results
3465 1109 19 15 of
3493 1108 32 18 the

2565 1130 12 17 g
2593 1148 7 20 t
2640 1152 7 9 s
2655 1146 45 15 been
2714 1143 20 18 of
2746 1143 35 18 late
2783 1121 58 43 Henry'ea
2887 1141 19 22 in
2913 1131 31 26 ad.
2968 1141 70 17 coolest
3058 1140 18 14 in
3086 1135 63 19 'which
3168 1136 43 18 thee
3227 1141 45 11 woe.
3293 1121 2 47 .
3304 1131 22 19 --
3326 1131 24 19 ,,
3350 1131 12 19 ,
3361 1131 12 19 a
3391 1137 35 11 was
3445 1130 40 18 that
3504 1131 21 17 at

1806 1165 59 21 object
1886 1165 20 15 to
1926 1162 32 18 the
1980 1163 69 19 twenty
2061 1166 31 15 per
2102 1161 46 15 cent.
2167 1157 100 18 reduction.
2298 1155 59 20 Cade,
2372 1155 1 31 .
2389 1156 14 9 't
2421 1155 5 31 '

1806 1187 43 20 they
1881 1185 35 18 had
1951 1185 60 20 heard,
2046 1182 35 18 had
2114 1181 45 17 been
2193 1179 38 18 sold
2264 1178 28 18 for
2323 1178 37 17 20s.
2385 1148 222 43 ares:ingmineuerms'h.ergseoef,
2615 1147 32 15 has

2705 1172 24 11 on
2760 1170 7 9 a
2794 1141 80 22 engaged

2911 1162 32 17 the
2968 1161 24 18 its
3026 1161 80 17 eclusion
3119 1159 43 20 they
3174 1154 59 20 ',Alla
3249 1161 53 12 nee,.
3320 1155 11 15 I.
3334 1160 38 11 Amor
3386 1154 57 15 whieb
3458 1157 37 9 W:ls
3507 1152 19 17 in

1807 1214 31 17 per
1853 1211 31 15 ton
1892 1213 22 13 on
1922 1207 31 18 the
1965 1207 26 22 pit
2008 1206 63 20 banks,
2087 1205 33 18 but
2134 1208 46 12 were
2196 1207 39 13 now
2251 1200 76 20 reduced
2341 1200 20 19 to
2385 1192 124 22 organization
2523 1191 44 18 with
2575 1189 58 18 which
2644 1188 44 22 they
2696 1188 45 17 have
2756 1170 17 33 li
2772 1170 8 33 e
2780 1170 37 33 uked
2825 1185 105 18 themselves
2878 1161 2 70 .
2894 1185 6 15 I
2917 1161 5 70 .
2939 1161 5 70 ;
2968 1183 32 17 the
3004 1161 103 18 conclusion

3041 1182 19 18 ht
3079 1181 32 18 Ind
3123 1175 58 22 which
3189 1185 35 11 was
3235 1180 15 14 in
3260 1179 31 15 the
3299 1174 115 22 wrong—the
3422 1174 44 21 only
3472 1174 54 20 thing

1808 1233 34 15 16s.
1867 1231 17 18 If
1894 1231 31 17 the
1933 1233 77 14 masters
2017 1227 52 19 could
2078 1227 22 18 do
2107 1226 38 18 well
2153 1232 45 14 now,
2206 1225 48 17 what
2261 1226 50 15 must
2316 1224 45 17 have
2385 1214 37 19 and
2433 1221 19 12 so
2463 1215 30 18 far
2503 1213 50 20 there
2565 1213 40 18 does
2617 1215 32 15 not
2661 1217 66 17 appear
2739 1212 19 15 to
2770 1209 21 17 be
2802 1214 35 17 any
2850 1189 25 37 ree
2875 1189 8 37 '
2883 1189 8 37 s
2891 1189 8 37 e
2900 1189 44 37 caTto
2969 1206 40 18 that
3018 1188 8 34 w
3026 1188 8 34 g
3034 1188 35 34 oul,
3085 1205 21 17 be
3113 1201 65 25 proved
3184 1207 37 12 was
3228 1200 58 18 wleeh
3292 1205 37 12 wee.
3334 1199 31 17 the
3370 1200 90 15 stroneest
3465 1199 60 20 parte.

1808 1254 44 17 been
1860 1253 31 17 the
1899 1252 63 21 profits
1969 1252 52 17 when
2029 1251 39 17 coal
2079 1256 37 11 was
2124 1250 37 15 aos,
2172 1253 11 12 a
2190 1250 33 15 ton
2232 1248 7 15 :s
2251 1246 58 18 There
2316 1252 11 11 w
2327 1252 11 11 e
2337 1252 24 11 re
2373 1213 1 60 •
2386 1238 100 21 apprehend
2503 1237 41 17 that
2555 1237 31 17 the
2597 1234 97 22 separatist
2706 1233 61 19 notion
2786 1233 38 20 just
2841 1230 103 18 mentioned
2969 1228 30 18 He
3005 1228 37 18 had
3048 1233 53 12 never
3110 1226 65 18 known
3183 1232 11 9 a
3203 1225 70 21 aispnte
3281 1227 66 15 among
3351 1221 31 18 the
3386 1215 66 22 miners
3461 1220 19 17 of
3484 1213 41 24 that

2969 1251 72 17 district
3056 1250 60 17 before
3129 1248 19 17 in
3156 1247 57 18 which
3222 1246 31 18 the
3262 1252 39 11 men
3312 1251 45 11 were
3365 1250 48 11 more
3423 1241 72 18 reasona
3495 1241 11 18 b
3506 1241 21 18 le

1808 1279 47 12 some
1864 1273 87 18 collieries
1959 1273 19 17 in
1987 1272 31 18 the
2026 1272 64 18 Forest
2098 1271 59 17 where
2164 1270 31 17 the
2203 1270 66 20 output
2275 1267 35 18 hail
2317 1267 44 17 been
2387 1260 35 17 will
2434 1260 43 19 eein
2489 1259 77 20 eremel.

1808 1297 51 20 6,000
1867 1298 39 15 tons
1916 1302 30 15 per
1954 1293 103 22 fortnight;
2074 1292 37 18 and
2121 1291 43 22 they
2177 1290 52 19 could
2241 1289 89 18 ascertain
2343 1290 19 17 to
2408 1294 28 18 On
2446 1294 30 17 Fr'
2481 1293 12 18 I-
2520 1292 53 22 night
2582 1292 35 18 Mr.
2627 1291 87 18 Hamer
2733 1289 94 19 ad,ire.ed
2846 1287 32 17 the
2897 1292 46 12 men.
2969 1272 20 18 in
2996 1272 48 17 their
3053 1271 90 19 demands,
3151 1274 20 12 or
3178 1269 65 17 milder
3250 1267 19 18 in
3276 1266 48 18 their
3334 1265 118 21 expressions.
3477 1264 50 21 They

2969 1293 37 18 had
3014 1293 44 18 been
3067 1292 61 18 driven
3137 1291 39 18 into
3184 1291 31 17 the
3223 1289 80 19 strezele
3312 1289 74 15 because
3397 1286 41 21 they
3448 1285 79 18 I..elieved

1808 1324 48 13 some
1865 1318 61 18 extent
1935 1317 48 17 what
1991 1317 31 17 the
2030 1320 47 12 mere
2086 1316 26 15 4s.
2121 1319 30 17 per
2159 1315 32 15 ton
2197 1311 57 18 would
2263 1312 73 17 amount
2343 1312 19 15 to
2374 1310 1 27 I
2387 1317 35 18 and
2431 1323 24 12 no
2463 1317 34 17 lees
2506 1317 44 15 term
2558 1316 51 17 three
2623 1310 120 26 propositions
2763 1317 47 12 were
2826 1311 33 20 put
2875 1311 19 15 to
2913 1310 31 17 the

1808 1346 32 17 per
1847 1339 96 22 fortnight.
1978 1338 28 18 He
2023 1337 78 21 thought
2115 1337 40 17 that
2171 1336 31 17 the
2216 1333 100 22 proprietor
2327 1332 35 18 had
2375 1306 1 57 i
2389 1339 31 18 mee
2420 1339 21 18 ei
2441 1339 32 18 ee.
2499 1337 12 19 f
2511 1337 12 19 l
2523 1337 35 19 eet
2558 1337 13 19 _
2969 1317 41 17 thot
3026 1316 43 21 they
3085 1319 45 12 aern
3143 1313 19 17 in
3174 1312 31 18 the
3217 1307 60 26 riglA,'
3287 1311 35 17 end
3334 1310 13 17 a
3359 1310 43 20 they
3415 1315 46 11 were
3469 1309 19 17 in
3496 1306 32 19 the

1808 1363 46 18 been
1869 1363 60 21 riding
1944 1362 19 18 in
1978 1361 31 18 the
2022 1359 99 20 first-class,
2137 1358 31 18 the
2184 1357 103 18 merchants
2298 1356 20 17 in
2330 1355 31 18 the
2375 1331 1 56 1
2406 1362 43 14 That
2466 1361 28 15 the
2511 1364 37 11 men
2564 1361 19 14 at
2598 1358 30 17 the
2644 1357 59 19 leyeri
2721 1356 59 15 Works
2797 1355 59 15 should
2868 1355 30 15 not
2908 1354 37 15 sub-
2973 1344 61 15 wrong
3045 1337 30 18 the
3083 1343 45 11 onus
3136 1339 48 14 must
3191 1335 22 17 be
3222 1333 37 18 laid
3267 1335 19 15 at
3294 1332 30 18 the
3332 1332 44 18 door
3384 1331 19 18 of
3411 1331 31 18 the
3450 1331 78 17 masters

1809 1385 71 21 second,
1889 1385 35 17 and
1931 1384 31 18 the
1970 1390 40 12 men
2019 1383 20 18 in
2048 1383 31 18 the
2086 1381 61 20 thira,
2160 1380 37 18 and
2205 1384 39 12 uow
2251 1378 52 18 there
2310 1383 37 13 was
2353 1383 12 13 a
2375 1351 1 56 i
2389 1382 30 14 mit
2426 1383 19 13 to
2451 1384 32 14 any
2491 1378 86 17 redeotiou
2583 1377 44 17 until
2634 1382 9 11 a
2650 1376 41 20 drop
2705 1376 66 15 became
2783 1374 66 20 general
2859 1374 17 15 in
2893 1372 53 17 South
2970 1361 77 27 becense
3054 1359 33 26 they
3087 1359 9 26 .
3106 1358 33 18 haa
3148 1363 52 17 every
3208 1356 117 24 opportutety
3333 1358 18 13 to
3359 1355 45 17 Lave
3418 1354 50 17 niade
3482 1351 46 24 good

1809 1414 71 12 revere,'
1889 1408 19 17 of
1919 1408 51 17 trade
1978 1407 32 18 the
2017 1404 93 18 first-class
2120 1402 61 22 people
2193 1402 28 18 del
2236 1403 31 15 not
2277 1402 50 15 want
2333 1400 32 18 the
2376 1377 1 48 i
2389 1400 58 15 Web•s.
2970 1384 50 18 their
3034 1389 46 13 case,
3093 1382 13 18 if
3119 1382 41 21 they
3171 1380 58 21 could,
3237 1382 19 15 at
3270 1378 77 22 Dudley.
3357 1377 34 19 but
3399 1377 25 18 t.'..

3431 1396 9 1 v.
3450 1376 78 18 refused.

1811 1429 103 18 third-class
1922 1430 19 15 to
1949 1428 38 18 ride
1995 1429 19 15 at
2023 1428 30 15 all.
2076 1427 39 15 But
2121 1426 17 15 if
2148 1426 24 15 he
2183 1423 44 18 read
2239 1423 32 17 the
2278 1422 59 18 minds
2346 1422 20 17 of
2376 1398 1 48 I
2392 1417 92 18 Second—
2973 1407 30 17 He
3015 1404 76 22 rejoicea
3105 1407 20 15 to
3138 1409 27 13 see
3177 1403 31 18 the
3222 1408 74 11 manner
3306 1402 18 17 hi
3333 1401 58 17 which
3399 1401 32 17 the
3441 1404 39 12 men
3493 1398 37 17 had

1811 1453 31 15 the
1850 1456 41 12 men
1899 1450 66 21 aright,
1980 1449 22 18 he
2014 1448 78 20 thought
2105 1447 51 17 there
2163 1452 37 11 was
2207 1450 12 11 a
2226 1443 138 18 determination
2408 1440 45 14 That
2459 1439 51 14 them
2517 1439 48 15 ,ting
2571 1436 60 15 should
2637 1436 20 14 be
2665 1435 92 19 postponed
2764 1435 54 17 owing
2825 1436 18 12 to
2857 1434 28 14 the
2898 1433 48 14 small
2973 1428 79 17 behaved
3067 1426 106 18 themselves
3190 1424 47 17 :since
3253 1424 31 17 the
3299 1428 118 12 commencem
3431 1426 18 12 nt
3465 1421 20 18 of
3497 1421 32 17 the

1812 1475 33 15 not
1853 1474 19 17 to
1880 1473 21 17 be
1911 1472 70 21 gromid
1988 1472 52 17 down
2049 1475 20 12 as
2076 1469 19 18 in
2104 1474 51 15 years
2163 1469 47 19 past.
2245 1466 27 17 Ile
2287 1465 80 21 thought
2432 1457 35 14 lees
2476 1460 70 12 meson.

2391 1462 46 32 Til
2441 1475 30 18 1—
2476 1444 5 50 •
2974 1449 61 20 strike,
3044 1448 14 18 if
3070 1448 43 20 they
3120 1447 35 17 had
3164 1448 19 15 to
3191 1446 54 17 suffer
3254 1446 22 17 he
3283 1444 80 17 believed
3376 1444 40 17 that
3432 1449 41 12 inev
3483 1448 46 12 were

2974 1472 80 17 dedrous
3067 1469 19 18 of
3098 1469 54 19 doing
3168 1474 8 11 s
3183 1461 4 27 i
3202 1467 96 21 patiently.
3321 1467 56 20 (Hear
3391 1467 58 15 hear.)
3463 1461 5 27 .
3478 1465 52 20 They

1813 1495 37 18 this
1858 1494 91 18 reduction
1958 1493 81 17 uncalled
2048 1492 34 19 for,
2092 1491 35 17 Rail
2137 1489 22 18 he
2173 1494 35 12 was
2224 1487 41 22 glad
2282 1488 20 17 to
2314 1487 53 17 know
2409 1485 22 27 Th
2432 1485 11 27 '
2443 1485 12 27 m
2461 1496 28 14 the
2497 1500 22 13 ge
2525 1495 46 14 -.tem
2580 1494 59 15 sewed
2644 1494 21 14 be
2672 1494 31 14 lit
2711 1494 18 14 in
2734 1494 30 14 the
2771 1493 54 14 bends
2832 1492 17 15 of
2857 1492 31 15 Mr.
2896 1491 52 15 Medi.
2974 1485 34 25 had
3018 1499 24 11 no
3048 1492 58 17 desire
3113 1493 20 14 to
3141 1488 53 19 rause
3202 1489 60 17 others
3272 1485 12 21 to
3283 1485 7 21 -
3299 1488 56 17 suffer
3360 1480 21 25 or'
3387 1489 19 15 to
3413 1487 73 17 commit
3494 1485 37 22 ane

1813 1518 41 18 that
1861 1522 48 13 some
1918 1515 19 19 of
1949 1515 31 18 the
1988 1513 109 25 proprietors
2109 1512 32 18 did
2148 1513 32 15 not
2190 1511 44 17 wish
2246 1509 30 17 for
2284 1509 44 17 are
2329 1507 38 18 due-
2392 1515 33 20 day
2432 1515 27 15 for
2465 1514 99 17 settiontatt.
2974 1517 40 17 arts
3032 1513 20 19 of
3073 1513 85 18 violeece.
3193 1511 39 18 The
3259 1511 91 21 throwing
3367 1509 26 17 off
3409 1508 63 18 chains
3483 1507 47 18 from

1814 1540 44 19 tion.
1881 1539 58 19 There
1948 1545 46 12 were
2004 1544 50 12 some
2062 1535 40 19 who
2113 1540 45 13 were
2167 1534 31 18 not
2212 1534 20 18 at
2245 1532 31 19 the
2284 1531 81 19 masters'
2392 1535 39 19 The
2439 1534 80 19 meeting
2526 1533 71 19 eivieca
2604 1539 24 13 on
2635 1533 31 18 the
2674 1532 69 19 several
2761 1531 104 21 motions
2865 1528 35 19 and
2913 1528 32 19 the
2980 1538 69 21 lullevs,
3065 1537 34 18 and
3113 1535 32 18 the
3158 1533 111 22 rens:irking
3281 1533 19 19 of
3312 1533 31 18 the
3357 1533 52 21 shops
3418 1532 19 19 of
3449 1530 81 24 peaceful

1815 1564 83 20 meeting,
1906 1564 35 17 and
1950 1564 35 20 yet,
1995 1563 74 19 Strange
2076 1561 19 15 tO
2105 1565 37 14 say,
2152 1558 50 17 these
2213 1561 61 12 moues
2284 1560 46 12 were
2341 1556 27 17 ate
2394 1559 60 19 fir
2441 1565 32 15 Ire

2415 1561 18 15 st
2441 1558 81 22 ppossl
2532 1564 34 11 was
2575 1557 70 18 earried
2653 1557 24 25 by
2685 1563 11 11 a
2702 1556 46 22 good
2760 1557 31 15 ma
2792 1554 54 22 jority
2861 1559 44 13 over
2916 1552 32 19 the

1815 1585 63 18 teehea
1886 1585 20 17 to
1915 1585 31 15 the
1955 1584 65 17 notice.
2049 1583 53 15 Some
2111 1587 18 9 s.,
2139 1580 9 17 •1
2160 1579 31 18 the
2199 1579 76 17 toasters
2283 1583 45 11 svere
2340 1577 30 17 de•
2393 1581 67 17 others.
2484 1580 38 17 The
2530 1580 53 17 effect
2591 1578 19 19 of
2617 1578 35 18 thie
2665 1584 22 14 te,
2701 1583 40 15 says
2756 1583 12 11 a
2779 1576 138 21 corresporelent
2930 1574 19 17 of
2975 1545 6 33 '
2981 1545 67 33 cities:tie
3064 1565 46 13 were
3124 1559 60 18 thinee
3200 1558 20 17 of
3239 1552 31 22 the
3286 1558 46 19 past
3347 1556 34 17 and
3397 1556 43 17 thee
3458 1553 72 19 wanted

1815 1605 90 18 termined
1912 1607 20 15 to
1939 1604 46 21 fight
1994 1604 31 17 the
2033 1603 64 20 battle,
2111 1603 37 15 sea
2163 1602 41 15 that
2219 1600 15 17 it
2248 1598 59 18 would
2322 1598 21 17 be
2359 1604 11 9 a
2395 1604 31 15 the
2434 1603 24 19 A1,
2458 1603 7 19 ,
2465 1603 25 19 i1,
2499 1602 40 15 that
2548 1602 31 15 the
2585 1599 104 18 eenclusiou
2702 1598 71 18 arrivea
2787 1599 20 15 et
2819 1598 24 19 by
2862 1598 31 15 the
2909 1602 40 11 men
2975 1574 66 28 nothing
3041 1574 11 28 .
3071 1581 8 17 f
3091 1581 40 17 that
3139 1581 38 15 sort
3185 1585 38 11 now
3262 1578 45 18 (Am
3312 1578 64 20 house.)
3409 1572 21 53 1-6
3437 1572 7 53 i
3451 1572 27 53 felt
3491 1576 40 17 that

2976 1604 13 17 it
2999 1610 35 9 was
3043 1604 28 15 huts
3080 1603 44 20 duty
3132 1593 19 24 t'o
3158 1600 59 17 thank
3224 1591 32 26 the
3263 1585 91 34 det.,:gates
3367 1600 72 19 iireenit
3452 1598 37 15 and
3501 1598 32 15 the

1815 1633 32 14 sac
1854 1633 22 12 •,e
1885 1628 51 22 fight
1959 1625 18 19 If
1988 1625 31 18 the
2035 1625 77 17 masters
2121 1629 45 15 gnve
2173 1623 32 17 the
2212 1626 40 12 men
2267 1622 38 15 two
2316 1619 53 18 black
2394 1625 47 17 atter
2451 1624 76 20 waiting
2533 1629 47 15 mi.m
2591 1622 34 17 Mr.
2636 1620 84 21 Breeden
2728 1620 32 17 has
2773 1619 44 18 been
2831 1617 118 19 coidirined—

1815 1658 40 12 eves
1865 1651 21 18 he
1896 1650 44 21 (Mr.
1949 1649 85 22 Morgan)
2042 1646 63 24 hoped,
2114 1646 14 18 if
2140 1645 14 18 it
2170 1650 46 13 were
2229 1643 81 24 possible,
2329 1642 40 19 that
2395 1648 40 21 vie.,
2444 1648 20 17 to
2471 1645 52 19 abide
2532 1645 30 18 the
2570 1644 79 19 decision
2656 1643 72 19 arrived
2735 1644 19 17 at
2763 1643 19 17 in
2793 1642 53 18 other
2861 1641 58 18 works
2930 1639 19 18 in
2975 1625 70 18 leaders
3052 1630 65 14 among
3126 1624 53 19 them,
3188 1623 30 17 for
3223 1622 32 17 the
3260 1622 98 20 temperate
3364 1625 74 12 manner
3446 1619 19 17 in
3474 1618 59 18 which

2975 1649 44 21 they
3028 1646 35 19 bad
3071 1645 52 19 acted
3131 1651 22 17 up
3163 1646 19 17 to
3190 1644 31 19 the
3227 1644 72 21 present
3307 1643 50 18 time.
3366 1642 37 18 and
3410 1642 43 17 that
3459 1642 19 17 in
3487 1646 47 12 none

1815 1670 32 21 the
1864 1680 40 12 men
1919 1672 58 18 wont.'
1993 1677 40 17 give
2048 1670 32 19 the
2099 1671 76 17 masters
2192 1668 51 18 three
2254 1665 54 19 black
2321 1671 48 12 ones.
2382 1663 1 31 1
2395 1670 21 19 th
2417 1670 11 19 e
2435 1669 9 21 p
2445 1669 9 21 r
2454 1669 11 21 i
2465 1669 21 21 ue
2486 1669 11 21 e
2497 1669 21 21 ei
2518 1669 21 21 ei
2539 1669 21 21 y.
2584 1668 35 18 31r.
2629 1667 48 19 John
2692 1667 67 20 Evans,
2779 1665 40 18 who
2838 1663 80 24 presided
2930 1664 20 17 at

1818 1696 86 20 (Cheers.)
1928 1696 28 15 He
1964 1695 34 15 had
2007 1694 56 15 heard
2070 1694 15 15 it
2094 1691 38 18 said
2140 1690 19 19 of
2171 1696 47 12 some
2226 1689 19 18 of
2256 1689 31 18 the
2295 1689 76 15 masters
2382 1685 2 31 '
2395 1693 57 17 them
2454 1691 59 20 eeting
2522 1697 22 11 on
2554 1690 66 20 Friday
2626 1689 58 21 night,
2702 1688 84 21 espoused
2803 1688 31 17 the
2846 1685 104 21 suggestion

1817 1717 43 17 Hutt
1867 1716 14 18 if
1890 1716 48 17 their
1941 1715 52 25 phins
2001 1715 52 15 coat
2061 1715 21 14 be
2091 1713 70 17 carried
2167 1715 32 13 om
2206 1711 32 17 the
2251 1710 54 17 mama
2314 1709 14 15 w
2328 1709 44 15 mad
2382 1704 11 25 l
2393 1704 11 25 o
2404 1704 12 25 f
2425 1714 34 15 Mr.
2467 1711 91 20 Hallidoy,
2568 1711 37 17 end
2611 1710 72 20 pointed
2693 1713 31 14 out
2732 1709 32 17 the
2772 1709 44 19 folly
2830 1709 19 14 of
2863 1708 47 15 their
2923 1708 27 14 de-
2976 1671 9 39 o
2986 1671 9 39 f
2999 1670 48 19 Hack
3051 1670 83 21 speeches
3138 1669 34 17 bee
3178 1668 41 18 thee
3224 1667 48 18 dealt
3276 1669 32 14 out
3314 1665 131 21 iullattimatory
3451 1664 84 21 speeches

2976 1677 9 32 o
2986 1677 11 32 r

3005 1700 21 9 us
3037 1694 12 15 d
3057 1693 44 17 hard
3110 1691 35 18 and
3154 1685 117 26 injustafiable
3286 1689 89 20 langu.Ve
3392 1688 78 15 towarls
3485 1687 50 17 their

2987 1715 37 20 sup!
3112 1713 27 20 (H
3141 1713 35 20 (Hear,
3191 1711 56 18 beer.)
3279 1709 100 17 WhMever
3393 1709 59 19 might
3468 1708 24 15 be
3503 1708 31 15 the

1818 1739 21 18 be
1861 1737 83 21 crushed,
1967 1739 15 15 A
2004 1736 61 18 meant
2093 1735 20 17 to
2139 1733 11 18 c
2150 1733 44 18 rush
2217 1731 52 17 down
2291 1729 81 22 working
2398 1733 122 20 termination.
2530 1733 22 21 by
2561 1731 57 18 which
2626 1731 44 21 they
2682 1731 48 17 meet
2743 1729 22 18 be
2778 1728 98 22 compellea
2884 1729 19 15 to
2911 1728 39 15 sule
2976 1735 57 18 result
3041 1735 19 17 of
3072 1734 31 18 the
3111 1733 67 21 limbic
3178 1733 12 21 ,
3200 1730 122 20 conciliation,
3330 1729 38 18 tine
3379 1728 80 18 whether
3469 1728 43 18 such
3523 1734 12 11 a

1819 1767 46 13 men.
1899 1761 59 22 Every
1972 1759 84 22 working
2068 1763 43 12 man
2124 1755 60 19 would
2194 1755 22 19 be
2225 1753 77 20 affectee
2310 1753 22 22 by
2341 1753 32 19 the

2187 1779 45 18 with
2245 1779 27 17 his
2281 1776 81 19 mattock
2368 1773 5 30 i
2400 1781 35 19 Mr.
2445 1780 89 22 Breeden
2558 1780 28 17 he
2595 1778 78 22 thought
2681 1776 44 24 they
2739 1775 56 22 ought
2815 1779 20 15 to
2852 1774 60 19 follow
2922 1773 30 19 the

2398 1756 33 20 mit
2440 1757 19 17 to
2467 1762 9 12 a
2486 1761 72 19 greater
2565 1754 93 20 reduction
2667 1754 46 18 than
2732 1752 35 19 had
2787 1752 45 18 been
2852 1749 66 19 offered
2927 1749 24 24 by

1819 1786 65 18 notice.
1912 1785 40 18 The
1959 1789 43 12 onau
2015 1782 40 18 who
2067 1783 48 17 went
2128 1780 52 19 down
2978 1757 60 19 Board
3053 1762 35 13 was
3104 1747 73 27 fornied
3177 1747 11 27 '
3188 1747 21 27 or
3224 1754 38 21 not,
3279 1753 22 18 he
3317 1752 57 22 hoped
3389 1753 40 15 that
3442 1750 31 18 the
3487 1756 50 12 SAM`

1819 1808 31 17 the
1858 1807 34 18 odd
1899 1807 46 18 boy:
1957 1807 31 15 the
2004 1806 63 20 joekey
2074 1774 4 52 ;
2096 1804 32 17 the
2147 1808 39 12 men
2194 1801 40 18 who
2243 1800 86 18 attended
2341 1800 31 17 the
2399 1805 53 15 times
2460 1804 19 17 in
2486 1802 81 18 areivine
2572 1804 19 14 at
2600 1807 35 11 our
2643 1800 107 18 couclnsion.
2774 1799 60 17 While
2852 1799 13 15 it
2878 1798 15 15 is
2908 1802 45 14 open
2979 1787 63 13 roarer
3056 1780 59 20 might
3130 1780 22 18 be
3165 1778 77 24 pnrsued
3250 1780 20 15 to
3278 1776 31 19 the
3315 1774 41 20 end.
3386 1774 94 20 Believing
3496 1774 40 19 that

2558 1794 5 32 -
2623 1794 4 32 •
2979 1806 43 20 they
3031 1809 45 11 were
3081 1800 22 20 'in
3112 1802 31 18 the
3151 1801 54 20 rieht,
3215 1800 47 18 urtil
3270 1800 43 20 they
3321 1805 46 11 were
3376 1799 61 15 shown
3444 1794 32 20 red
3484 1799 20 15 to
3515 1798 21 17 be

1819 1830 66 20 engine
1893 1819 4 31 ;
1910 1828 31 17 the
1949 1833 41 11 men
1997 1828 20 14 et
2030 1826 30 17 the
2073 1825 87 21 pumping
2173 1822 80 21 engines,
2262 1821 35 18 .1.1
2306 1821 19 17 i.
2336 1821 39 17 f.ct,
2385 1826 34 19 ito
2427 1825 57 17 doubt
2491 1824 80 15 whether
2580 1822 35 17 Mr.
2624 1822 84 19 Broaden
2715 1820 58 18 woola
2786 1826 59 11 renew
2858 1820 31 14 the
2902 1819 51 19 offer,
2980 1832 25 13 eo,
3025 1826 43 19 they
3086 1830 46 11 Were
3150 1820 86 24 piepareil
3255 1822 19 15 to
3286 1820 43 17 hold
3341 1822 38 14 out.
3393 1820 34 15 and
3437 1820 21 15 he
3467 1820 11 14 ,i
3482 1820 15 15 el
3504 1820 33 15 not

1820 1851 24 18 all
1853 1851 34 17 lied
1896 1852 20 15 to
1924 1850 60 17 suffer,
2019 1846 18 19 If
2043 1846 91 19 therefore
2147 1846 43 20 they
2203 1850 45 12 were
2259 1844 56 17 tunen
2327 1847 47 15 itiela
2400 1846 15 19 it
2422 1846 58 18 would
2489 1851 67 17 appem
2564 1845 40 17 that
2613 1844 31 17 tle,
2652 1848 40 11 men
2700 1843 45 17 have
2754 1846 22 13 no
2785 1840 57 19 desire
2850 1841 20 17 to
2882 1845 72 15 reseeen
2980 1846 67 19 ea,
3054 1846 41 18 thia
3104 1846 51 17 the,
3163 1850 35 12 wes
3207 1850 11 11 a
3227 1843 56 22 single
3292 1841 81 22 delegate
3381 1840 40 18 Ont.
3429 1846 56 12 woo..
3493 1839 44 18 wish

1821 1873 19 18 It
1841 1879 21 17 ey
1871 1874 48 17 must
1926 1872 45 21 fight
1978 1871 39 18 foot
2030 1871 19 17 to
2056 1870 46 21 foot
2109 1869 38 18 and
2167 1867 25 18 ho
2206 1866 17 19 hi
2257 1867 20 17 to
2284 1865 91 18 shoulder.
2401 1870 31 17 the
2440 1869 87 22 question.
2552 1867 17 18 If
2577 1866 51 19 there
2636 1865 34 19 luod
2685 1865 44 18 been
2748 1871 12 11 a
2778 1863 106 22 disposition
2891 1867 25 12 on
2923 1861 32 18 the
2981 1871 27 17 for
3017 1876 12 11 a
3034 1866 138 20 dishonourable
3182 1869 56 17 truce.
3262 1865 57 20 (Leal
3328 1864 98 21 applaneel
3458 1864 30 17 He
3501 1869 35 11 was

1821 1897 64 20 (Hear,
1893 1896 54 19 hear.)
1971 1894 18 17 A
1997 1898 41 13 man
2047 1891 56 19 askea
2109 1891 38 18 him
2156 1891 31 18 the
2193 1891 51 17 other
2251 1889 34 22 day
2294 1889 40 17 throt
2343 1887 14 17 if
2365 1892 12 12 a
2401 1893 40 20 part
2450 1891 57 18 fiboe
2516 1891 56 17 hitter
2578 1892 19 14 to
2606 1890 41 21 give
2666 1889 14 17 it
2700 1887 73 17 further
2787 1885 141 19 considerate.,
2941 1884 14 17 it
3006 1894 6 7 ,

2982 1898 32 12 noo
3027 1898 58 11 aware
3098 1891 40 17 that
3151 1897 11 9 a
3175 1890 57 20 sineee
3240 1894 40 11 cm.,
3289 1887 33 17 1,,..1
3332 1894 26 9 oe
3365 1893 9 11 it
3389 1885 2 25 ,
3406 1886 9 17 .1
3425 1886 19 17 Of
3456 1892 9 11 Ll
3478 1885 59 18 miner

1821 1918 57 19 strike
1886 1917 43 19 took
1938 1917 48 22 place
1995 1916 48 18 whae
2055 1913 57 18 would
2126 1913 72 17 become
2205 1911 20 19 of
2239 1911 31 18 the
2278 1912 57 15 Water
2346 1916 31 12 en.
2402 1913 58 18 would
2469 1913 44 17 have
2522 1912 113 18 bet.ll,,lloPill
2644 1911 22 20 by
2675 1917 11 11 a
2695 1911 60 20 lm•ger
2764 1909 115 19 atteneance,
2885 1906 35 18 mei
2933 1912 24 12 on
2982 1915 52 21 beim,
3043 1912 79 19 broueht
3130 1912 60 18 before
3197 1917 37 15 any
3247 1910 58 18 benih
3318 1910 19 18 of
3351 1910 113 20 eimestrates
3477 1909 18 17 iu
3507 1907 32 18 the

1822 1942 57 21 eines,
1886 1941 41 17 that
1936 1944 48 13 same
1993 1944 64 15 person
2065 1937 38 17 said
2111 1936 14 18 A
2133 1937 50 15 those
2193 1935 74 21 engines
2275 1938 46 12 were
2334 1932 43 21 kept
2402 1937 31 17 the
2441 1937 54 17 latter
2505 1941 48 12 score
2562 1935 51 17 there
2621 1939 35 11 was
2665 1938 24 12 no
2695 1931 87 22 diffieMty
2797 1931 14 18 A
2823 1937 11 11 A
2848 1930 109 20 willinguees
2987 1937 6 8 i
3011 1937 24 8 .....i
3073 1937 8 8 s
3117 1930 5 33 :

2982 1920 53 34 uisur.
3037 1938 24 19 et,
3073 1928 28 25 ie'r
3118 1939 87 18 improper
3221 1932 74 18 millet
3313 1932 18 17 in
3347 1937 32 12 colt
3385 1937 81 14 .equence
3478 1930 19 18 of
3509 1930 31 18 the

1822 1963 61 21 going,
1892 1962 35 18 and
1943 1962 31 17 the
1988 1961 57 17 strike
2061 1957 116 20 terminated,
2193 1957 31 18 the
2239 1962 40 11 men
2291 1955 52 18 could
2356 1961 21 14 go
2402 1958 35 18 eaa
2446 1957 105 19 iutervened
2557 1950 4 34 ;
2572 1957 76 17 beemse
2656 1956 52 15 when
2717 1955 31 17 the
2756 1959 41 11 emu
2804 1952 54 18 askea
2867 1951 30 18 for
2910 1950 45 19 leaf.
2993 1958 54 18 trtke.
3080 1957 28 18 He
3123 1957 57 20 hoped
3191 1956 41 18 th:A
3240 1961 53 15 every
3302 1954 63 17 &h
3341 1957 41 14 eats,
3391 1952 58 18 woida
3457 1952 34 18 Liel
3504 1951 37 19 Alla

1822 1984 74 26 Till:her
1905 1985 19 15 to
1932 1983 54 19 work,
1996 1983 34 15 but
2037 1982 22 15 he
2068 1982 39 20 (the
2115 1980 81 21 speaker)
2206 1977 78 21 thought
2291 1976 41 19 that
2344 1976 15 18 if
2368 1982 11 11 a
2402 1981 53 20 aMay
2464 1985 24 11 on
2494 1978 69 21 Feeley
2571 1980 19 15 to
2598 1977 63 18 titteua
2670 1976 31 17 the
2709 1976 79 20 meeting
2809 1977 19 14 at
2848 1974 58 17 Whieh
2921 1972 35 17 Mr.
2983 1967 14 31 r'
2998 1967 7 31 '
3005 1967 44 31 calise
3057 1980 47 17 their
3112 1978 84 21 petition,
3204 1977 22 20 by
3235 1983 19 11 so
3262 1976 54 20 doiur,
3325 1971 43 21 they
3377 1975 57 17 weal
3443 1975 21 15 he
3471 1975 40 15 able
3520 1976 20 14 to

1822 2007 48 18 little
1890 2006 44 18 time
1946 2004 64 22 longer
2029 2009 35 11 was
2085 2001 83 22 required
2184 2002 18 15 in
2218 2000 81 20 cleaning
2317 2004 24 15 up
2348 1997 31 18 the
2405 2002 86 20 Halliday
2499 2001 59 21 spoke,
2565 2000 43 21 they
2617 2004 45 11 were
2670 1998 38 17 told
2715 1997 44 21 they
2767 1996 52 19 could
2826 1996 65 17 Ithsent
2901 1995 57 18 them-
2985 2002 93 18 command
3092 2002 74 20 respect,
3183 2000 34 17 and
3233 1998 31 17 the
3278 1997 46 21 good
3332 1996 72 21 opinion
3412 1996 19 17 of
3442 1996 31 17 the
3481 1996 61 21 public

1824 2029 64 21 works,
1897 2028 14 19 it
1919 2027 106 22 wool,!give
2035 2031 9 12 a
2053 2023 139 24 corresponding
2204 2022 43 19 time
2255 2024 20 17 to
2282 2027 69 13 °woos
2360 2020 19 19 of
2405 2024 18 19 se
2422 2024 9 19 l
2432 2024 28 19 ves
2470 2023 28 18 till
2506 2023 31 18 the
2545 2022 91 21 follovoing
2646 2021 50 18 Mote
2695 2021 35 21 lay;
2746 2020 34 18 and
2800 2019 51 18 svork
2870 2017 32 18 bas
2915 2017 45 18 been
2986 2023 59 20 would
3060 2023 30 18 till
3098 2023 21 18 be
3126 2021 86 20 areonlea
3221 2022 19 17 li,
3248 2021 56 18 them.
3328 2019 112 22 (Applause.)

1824 2053 39 18 coM
1871 2052 67 18 whath
1945 2054 20 14 to
1972 2050 48 18 chew
2028 2049 50 18 them
2089 2054 30 17 tte.
2147 2046 91 24 (Chhers.)
2269 2044 28 18 He
2306 2031 48 30 Isai
2361 2044 19 17 ot
2405 2047 99 22 .pellaell
2512 2044 120 22 aceOrdingly.
2660 2043 59 18 Trade
2728 2043 14 18 is
2751 2042 37 19 dull
2809 2043 19 17 ne
2848 2041 32 18 the
2894 2041 66 20 works,
3052 2052 41 14 TILE
3106 2049 116 15 stIGOESTED
3240 2047 146 14 CONCILIATION
3402 2047 38 13 Bibt
3444 2047 32 12 no.

1825 2075 86 19 advocate
1918 2080 11 13 a
1942 2074 63 20 Arike,
2019 2074 32 17 but
2063 2072 15 18 if
2092 2072 44 21 they
2147 2075 46 12 were
2206 2068 63 19 ariven
2282 2069 19 17 to
2314 2067 17 19 it
2337 2067 44 21 they
2405 2072 37 17 ana
2447 2070 33 17 the
2487 2072 65 15 Areets
2561 2074 31 13 are
2598 2067 87 19 SWarme3
2695 2067 43 18 ovith
2746 2072 40 12 men
2794 2065 78 22 keepine
2889 2069 9 12 a
2916 2062 44 19 kind
3008 2070 39 18 The
3054 2069 97 19 Chnirman
3159 2067 38 19 sale
3207 2067 41 19 Grit
3256 2068 19 17 at
3282 2067 32 17 the
3322 2067 37 17 hint
3373 2066 71 17 .listrtet
3461 2065 80 18 meetine

1826 2100 47 15 must
1899 2098 72 17 submit.
2013 2096 17 17 A
2055 2094 60 18 better
2137 2094 44 17 time
2205 2093 43 20 they
2272 2089 53 19 could
2349 2092 32 15 not
2406 2094 19 18 of
2431 2093 61 18 forced
2499 2092 78 21 holiday.
3529 2080 11 7 e

2989 2094 14 18 it
3011 2100 37 11 was
3054 2092 90 21 arranged
3152 2092 40 17 that
3197 2098 12 9 u
3214 2089 70 18 council
3293 2088 61 19 should
3363 2087 22 18 be
3399 2087 70 18 turned
3482 2088 19 17 of
3517 2094 18 11 re-

1826 2120 45 18 have
1890 2120 30 17 for
1937 2125 11 11 a
1967 2118 57 17 strike
2049 2117 30 17 for
2102 2115 43 21 they
2163 2114 64 19 should
2245 2113 46 18 have
2309 2118 24 12 an
2352 2118 22 15 op

1826 2141 96 20 purtnnity
1939 2140 19 17 of
1978 2139 76 20 hearing
2066 2138 32 17 the
2115 2138 69 15 cuckoo
2199 2135 46 19 sing.
2270 2133 112 21 (Applause.)
2917 2109 1 52 .
2989 2114 129 24 preeentatives
3125 2113 46 18 from
3178 2113 32 17 the
3222 2112 80 17 districts
3311 2111 19 17 of
3339 2111 104 19 Darla:dem,
3450 2109 93 20 Canuoek,

1828 2164 65 17 Unlike
1902 2161 47 18 their
1958 2160 61 18 Welsh
2031 2159 77 19 friends,
2121 2159 43 20 they
2177 2157 65 17 shoulmt
2249 2157 46 15 have
2302 2156 32 17 the
2342 2159 40 13 sum
2989 2138 52 17 West
3050 2135 106 18 Bromwich.
3164 2134 78 20 Dudley,
3249 2133 91 17 01,111111.
3354 2132 34 17 and
3403 2132 80 20 Brierley
3497 2131 46 20 Hill,

2991 2165 20 12 so
3018 2159 41 17 that
3067 2158 18 17 in
3093 2157 31 17 the
3132 2161 39 12 case
3183 2156 19 17 of
3210 2160 33 15 :my
3253 2156 67 15 matter
3328 2152 18 18 of
3354 2153 111 20 importance
3474 2152 70 20 arising

1828 2185 56 21 shim,
1891 2184 70 19 instead
1969 2184 19 18 of
1996 2189 48 12 snow
2053 2187 24 12 on
2085 2181 31 17 the
2130 2179 76 24 ground,
2217 2178 35 19 and
2261 2178 14 18 if
2284 2178 41 21 they
2331 2176 52 19 coula
2991 2178 94 20 concerted
3093 2178 59 19 artion
3159 2178 59 20 might
3227 2178 21 15 be
3256 2176 93 20 securea..
3365 2174 48 18 That
3430 2173 69 18 comet
3508 2177 37 14 met

1828 2210 45 17 have
1890 2213 22 12 no
1928 2206 38 18 coal
1981 2206 53 20 firing
2050 2210 45 12 near
2108 2204 33 17 the
2157 2204 60 19 Forest
2217 2204 11 19 ,
2236 2202 43 21 they
2290 2199 40 18 coul
2330 2199 11 18 d
2354 2200 9 21 g
2363 2200 20 21 et
2992 2205 19 17 at
3020 2204 56 17 Great
3084 2202 67 21 Bridge
3158 2206 24 12 011
3195 2199 66 22 Delay
3269 2198 102 20 afternoon,
3387 2198 52 18 when
3456 2198 41 20 they
3510 2197 35 18 bad

1828 2230 56 21 wood,
1898 2230 33 18 but
1948 2230 14 17 if
1974 2229 38 18 this
2023 2233 37 11 was
2074 2225 64 19 &Mei
2150 2225 56 20 them,
2219 2224 41 21 they
2275 2223 53 18 could
2340 2223 11 17 h
2350 2223 34 17 ave
2993 2225 57 19 under
3056 2224 131 19 consideration
3195 2223 31 17 the
3234 2222 64 17 letters
3311 2220 58 17 which
3383 2219 35 18 hail
3431 2219 87 21 appeared
3527 2219 19 18 in

1830 2254 61 22 plenty
1902 2252 19 18 of
1931 2251 91 20 sunshine,
2035 2256 20 12 so
2066 2250 41 17 that
2119 2249 48 17 after
2183 2248 25 17 all
2222 2246 31 18 the
2265 2245 43 18 Fore
2308 2245 22 18 st
2344 2250 41 12 men
2993 2249 31 17 the
3037 2252 70 18 papers,
3123 2244 102 21 enmeating
3241 2244 46 18 front
3304 2243 69 17 several
3386 2242 20 17 of
3422 2242 31 18 the
3465 2244 81 18 mastcrs,

1830 2276 59 19 would
1896 2276 53 17 boon
1957 2275 31 17 the
1997 2272 50 22 right
2056 2271 43 18 side.
2134 2270 89 21 (Cheers.)
2252 2269 28 18 He
2290 2267 21 19 co
2311 2267 74 19 ncluded
2994 2270 105 22 suggesting
3107 2269 32 17 the
3146 2267 90 24 proprioty
3248 2267 19 17 of
3274 2264 119 21 estaleishing
3407 2270 11 12 a
3426 2263 120 19 Conciliation

1830 2298 24 21 by
1860 2297 94 22 proposing
1964 2296 40 18 that
2013 2302 11 11 a
2036 2295 81 20 delegate
2132 2294 21 15 be
2167 2295 39 14 sent
2222 2295 19 14 to
2256 2291 30 17 the
2294 2289 93 19 executive
2995 2293 65 18 Board.
3084 2291 53 18 After
3149 2296 11 12 a
3172 2289 109 19 limethened
3296 2289 71 20 sitting,
3384 2288 85 15 resolute
3469 2288 11 15 ,
3480 2288 12 15 .
3503 2293 46 11 were

1831 2320 79 20 meeting
1918 2324 22 11 on
1945 2317 123 20 'Wedneelay,
2076 2315 58 18 which
2141 2321 37 11 was
2185 2313 87 19 secondee
2280 2313 25 21 by
2311 2311 37 17 Mr.
2356 2310 31 18 W.
2995 2315 65 21 agreed
3067 2315 19 15 to
3094 2313 90 17 affirming
3191 2308 32 20 the
3230 2310 85 21 principle
3328 2310 41 17 that
3384 2309 14 17 it
3411 2315 35 9 UR,
3459 2309 90 15 desirable

1832 2342 85 19 Steemer,
1926 2341 34 17 mid
1969 2339 70 18 eureka
2047 2336 131 21 unaminortsly.
2995 2336 43 18 that
3047 2335 41 18 such
3098 2341 11 11 a
3117 2334 60 17 Heald
3184 2333 64 17 shout.'
3263 2333 21 15 be
3301 2331 76 19 femme,
3393 2330 35 17 and
3445 2330 39 17 that
3501 2331 48 20 steps

1854 2365 35 18 Mr.
1899 2362 79 24 Baggott
1987 2367 43 13 was'
2035 2359 100 25 appointed.
2995 2357 64 19 shoal
3067 2356 21 19 be
3097 2356 56 19 taken
3158 2357 20 17 to
3187 2354 86 20 establish
3286 2360 40 12 one.
3357 2353 28 18 Ile
3393 2352 77 22 thought
3478 2352 14 18 it
3502 2352 48 22 right

1854 2387 37 20 Mr.
1899 2387 72 21 Wiggle
1981 2385 39 18 sail
2028 2385 31 17 the
2068 2382 99 18 resolution
2174 2380 58 20 which
2241 2380 22 19 he
2271 2380 34 18 hail
2314 2379 47 19 risen
2369 2379 20 18 to
2996 2382 40 18 that
3044 2381 32 19 the
3084 2381 66 18 matter
3158 2379 63 18 shortie
3229 2379 21 17 be
3259 2376 78 24 ',relight
3345 2376 61 18 before
3416 2375 30 19 tee
3455 2374 60 19 theird
3523 2375 28 19 fee

1833 2415 74 17 propose
1916 2408 79 18 reterred
2004 2409 19 15 to
2030 2407 31 17 the
2069 2407 47 15 beset
2127 2406 19 17 of
2159 2411 65 12 waees.
2258 2404 26 17 At
2291 2408 9 12 a
2309 2401 80 21 meeting
2996 2405 32 17 the
3035 2409 77 17 purpose
3119 2404 19 17 of
3145 2401 124 19 confirm:item
3278 2407 20 9 or
3308 2400 102 17 otherivi,e.

1834 2432 40 17 held
1883 2435 48 12 some
1939 2431 51 15 short
1997 2430 45 17 time
2049 2433 34 14 ago
2092 2433 11 11 a
2109 2422 99 24 resegutien
2217 2431 35 11 was
2261 2425 64 20 passed
2331 2426 20 14 to
2360 2424 20 15 th
2380 2424 11 15 e
2969 2420 1 28 :
3020 2426 35 17 Mr.
3065 2425 61 21 Lloya,
3136 2424 78 18 Heston,
3226 2422 37 17 slide
3273 2422 40 15 Him
3321 2421 21 17 le,
3356 2420 78 17 bell...yea
3443 2420 30 15 the
3483 2420 39 17 idea
3533 2420 20 17 of

1834 2452 59 20 effect,
1903 2452 41 17 that
1952 2452 41 20 they
2009 2450 39 20 (the
2062 2448 71 17 colliers
2144 2447 35 17 and
2194 2446 74 19 miners)
2285 2445 34 17 wou
2320 2445 24 17 ld
2359 2446 33 14 not
2415 2446 26 2 ---
2456 2446 12 1 --
2484 2446 8 1 -
2998 2453 11 12 a
3017 2446 120 19 Conciliation
3145 2445 60 17 Board
3211 2448 35 11 wa,
3253 2448 9 11 a
3269 2444 100 15 movement
3378 2441 19 17 iu
3402 2441 31 17 the
3442 2440 50 21 riglit
3497 2440 47 17 diree-

1834 2476 74 18 eonsent
1916 2476 20 17 to
1944 2478 34 18 any
1984 2471 93 20 reduction
2092 2470 19 19 of
2122 2474 58 17 wages
2190 2469 47 19 until
2250 2466 28 19 coa
2278 2466 19 19 ls
2309 2472 46 13 were
2366 2472 26 12 re.
2998 2469 46 22 tion,
3052 2467 35 19 and
3096 2467 22 18 Its
3126 2465 79 20 believed
3213 2465 40 18 that
3262 2465 30 17 the
3302 2463 58 22 public
3370 2469 45 12 were
3429 2463 73 22 looking
3510 2467 43 18 very

1834 2498 58 19 deceit
1899 2498 20 18 to
1928 2498 37 18 14s.
1971 2503 12 11 to
1991 2498 32 15 ton
2030 2497 19 15 at
2057 2494 32 18 the
2096 2493 43 20 pits.
2173 2492 26 19 At
2215 2498 48 12 some
2278 2491 37 22 pits
2328 2490 15 19 it
2356 2494 35 12 was
3000 2491 93 24 anxiously
3102 2491 30 18 for
3139 2497 9 12 a
3157 2489 115 22 satisfaceay
3281 2486 104 19 settlement
3400 2485 19 19 of
3435 2485 31 19 the
3481 2485 73 22 present

1835 2528 40 12 now
1884 2523 35 15 18s.
1928 2520 30 17 4.1.
1965 2525 11 12 a
1984 2523 38 14 ton.
2046 2518 30 17 He
2082 2517 56 18 heard
2143 2516 48 18 their
2199 2517 54 20 agent
2263 2520 27 15 say
2290 2520 9 15 ,
2309 2513 40 17 that
2357 2512 35 21 day
3000 2516 92 21 difficulty.
3115 2513 30 18 He
3152 2512 78 21 thought
3237 2511 41 18 thot
3287 2511 14 17 it
3309 2510 64 18 should
3379 2510 22 17 lie
3412 2515 41 12 St`ell
3462 2509 41 18 that
3510 2509 44 21 they

1837 2544 63 17 month
1906 2544 22 15 he
1937 2543 34 17 had
1980 2542 45 15 been
2033 2539 71 20 talking
2113 2541 20 15 to
2140 2544 33 11 one
2181 2537 19 18 of
2212 2537 32 18 the
2256 2536 110 21 proprietors
2375 2535 18 17 in
3001 2544 45 12 were
3054 2537 67 20 willing
3126 2537 20 17 to
3155 2536 22 15 'to
3184 2535 25 17 all
3216 2535 40 20 they
3265 2532 52 18 could
3325 2535 19 15 to
3352 2531 53 21 bring
3412 2531 54 17 about
3476 2537 11 11 a
3495 2530 60 18 settle.

1837 2567 31 17 the
1876 2565 70 19 Foeest,
1954 2563 39 19 who
2001 2562 38 18 told
2047 2562 37 17 him
2092 2561 40 17 tlmt
2140 2565 53 15 every
2200 2559 32 17 ton
2238 2558 20 18 of
2264 2557 38 19 coal
2309 2557 21 18 he
2336 2556 59 18 raised
3001 2561 54 15 meet.
3080 2558 27 18 He
3117 2557 61 19 moved
3187 2557 41 17 that
3236 2556 31 17 the
3275 2555 59 17 action
3341 2554 56 18 taken
3407 2554 27 21 by.
3444 2554 31 17 the
3485 2552 70 18 council

1837 2589 39 18 cost
1884 2588 38 18 him
1931 2587 34 18 12s.
1974 2584 30 18 9d.
2010 2589 33 18 per
2050 2582 39 24 ton:
2119 2583 28 17 He
2156 2582 30 17 die
2193 2583 32 15 mist
2233 2587 19 11 so
2261 2580 54 18 much
2323 2578 9 18 w
2333 2578 9 18 o
2342 2578 53 18 niler
3002 2582 21 18 be
3032 2581 94 22 approved.

1838 2613 20 17 tot
1869 2610 46 21 that,
1923 2609 52 19 when
1983 2608 24 18 all
2015 2607 61 21 things
2085 2611 46 12 were
2139 2603 105 19 consiaoree
2252 2602 34 19 nue
2296 2602 54 19 taken
2356 2601 39 18 into
2992 2600 1 32 .
3025 2604 37 18 Mr.
3069 2603 19 19 J.
3097 2603 60 19 Jones,
3167 2601 110 21 Portobello,
3282 2600 93 19 seconded.

1838 2635 81 17 account.
1943 2634 53 15 Some
2003 2630 20 18 of
2034 2629 31 19 the
2073 2635 40 12 men
2121 2634 45 12 were
2173 2628 43 20 only
2230 2626 74 19 enabled
2320 2627 21 17 to
2353 2623 43 18 send
2992 2623 1 28 ,
3025 2628 38 18 The
3071 2626 112 19 nomination
3191 2624 19 18 of
3222 2624 31 18 the
3266 2624 50 17 three
3324 2623 103 22 gentlemen
3438 2628 20 13 no
3465 2627 91 18 represen.

1839 2662 24 15 up
1871 2657 41 18 two,
1920 2655 51 18 three
1980 2654 37 17 and
2023 2652 112 21 occasonally
2144 2650 43 17 four
2198 2652 47 15 carts
2254 2648 19 19 of
2284 2648 39 18 coal
2336 2654 11 11 n
2355 2648 40 19 day.
2992 2646 1 32 ,
3002 2650 67 17 tatives
3080 2649 20 17 of
3112 2648 30 18 the
3154 2648 98 18 Darlaston
3266 2647 77 17 Distriet
3357 2653 37 9 was
3405 2647 43 15 then
3461 2646 97 21 proceeded

1840 2679 28 15 He
1878 2678 39 20 (the
1924 2675 83 22 speroker)
2015 2674 54 18 heard
2076 2680 12 11 a
2095 2679 43 11 men
2143 2678 38 17 say,
2186 2672 41 17 that
2236 2672 22 15 he
2267 2670 34 17 Inel
2309 2669 43 21 only
2356 2669 40 17 sent
2992 2667 1 31 '
3004 2672 51 19 with,
3063 2670 37 17 and
3105 2670 31 17 the
3144 2669 92 20 following
3243 2674 45 12 were
3301 2668 76 17 selected
3384 2667 4 31 :
3400 2667 37 17 Mc.
3451 2667 70 20 Carter,
3529 2667 28 17 for

1840 2705 33 13 one
1889 2700 20 15 in
1924 2699 52 17 three
1991 2698 48 20 days.
2075 2695 39 18 The
2128 2694 34 20 day
2179 2699 40 11 men
2235 2693 18 17 in
2261 2693 31 15 the
2300 2691 47 20 rondo
2347 2691 11 20 ,
2366 2691 9 17 t
2375 2691 21 17 he
3004 2694 31 15 the
3063 2670 37 17 sand

3124 2691 93 19 Division;
3230 2691 35 17 Mr.
3282 2689 86 20 lietliing,
3381 2689 28 17 fur
3420 2688 30 17 Le;
3458 2688 99 18 Darla..

1840 2721 64 24 jockey
1916 2720 50 22 boys,
1978 2725 41 12 men
2030 2725 24 12 on
2068 2718 31 18 the
2113 2719 37 20 top,
2161 2714 37 19 and
2206 2714 25 19 all
2239 2713 48 19 their
2296 2719 34 15 wag
2330 2719 24 15 es
2362 2712 35 18 hail
3006 2713 81 20 Divisiou
3093 2709 5 35 ;
3110 2713 35 18 and
3152 2713 34 18 Mr.
3196 2713 60 19 Amos,
3263 2712 30 17 for
3301 2712 31 17 the
3341 2711 76 17 Welsell
3426 2709 87 18 Divisien.

1841 2745 44 20 been
1900 2744 56 20 taken
1971 2741 39 20 into
2024 2739 132 20 consideration
2172 2744 22 13 on
2207 2738 32 18 the
2246 2738 78 21 tonnage
2333 2734 19 19 of
2360 2733 39 20 coal
3028 2738 19 18 It
3054 2743 35 12 was
3098 2737 44 18 then
3150 2734 89 24 arranged
3249 2734 41 18 that
3306 2739 47 13 mass
3366 2733 86 21 meetings
3462 2732 64 18 should
3536 2732 22 18 be

1841 2769 65 19 raised.
1915 2767 65 19 Before
1987 2765 48 20 their
2040 2771 59 15 wages
2104 2769 46 13 were
2157 2760 74 21 lowered
2239 2760 26 18 lie
2272 2760 74 18 themes
2353 2765 46 12 were
3007 2760 40 19 held
3054 2760 19 20 of
3085 2759 31 19 the
3124 2759 86 19 members
3226 2758 19 18 of
3256 2758 31 18 the
3302 2757 47 18 lobe
3350 2757 13 18 ,
3379 2756 19 19 of
3410 2756 43 18 each
3461 2756 99 18 division—

1841 2792 19 19 of
1867 2791 74 22 opinion
1950 2791 41 18 that
1998 2790 32 17 the
2036 2789 48 18 coals
2093 2786 64 19 should
2165 2785 21 19 be
2205 2784 21 20 lo
2226 2784 56 20 wered
2300 2785 20 15 to
2339 2783 38 17 14e.
2383 2787 12 12 a
3007 2785 83 21 Walsall,
3099 2784 19 19 at
3125 2784 32 18 the
3164 2783 120 21 Temperauce
3293 2772 48 28 Half,
3347 2785 24 12 on
3379 2779 81 22 Tuesaay
3470 2772 4 41 ;
3483 2778 77 22 Baston,

1841 2816 39 15 ton.
1903 2813 24 19 If,
1935 2818 39 11 now
1982 2812 41 17 that
2030 2817 12 11 a
2049 2810 72 20 margin
2128 2810 19 15 of
2156 2809 53 21 profit
2218 2812 35 12 was
2263 2805 84 19 obtained
2409 2802 1 31 •
3007 2809 94 17 Primitive
3109 2805 100 19 MethodiA
3223 2804 79 19 Schools,
3312 2809 22 9 on
3351 2802 115 20 Wedeesaay
3472 2802 5 31 ;
3497 2802 34 15 ant
3542 2804 19 13 at

1841 2835 96 21 depressed
1945 2833 57 18 trade,
2010 2832 48 17 what
2067 2831 48 15 must
2122 2830 32 17 the
2161 2830 64 20 profits
2238 2829 46 17 hive
2296 2828 45 17 been
2349 2826 51 18 when
2409 2823 1 33 '
3007 2830 31 17 the
3047 2830 118 20 Temperance
3174 2825 48 20 Hall,
3231 2824 104 20 Parlasten,
3345 2829 22 12 on
3377 2823 92 21 Thurday
3469 2823 13 21 —
3482 2823 41 21 for
3530 2823 31 17 the

1843 2856 48 18 coals
1899 2861 45 12 were
1952 2854 70 21 higher.
2047 2852 28 18 He
2082 2851 51 22 .mite
2141 2850 79 18 believed
2233 2850 40 17 th:a
2294 2850 37 15 14s.
2343 2854 11 11 a
2366 2850 32 14 ton
3008 2856 76 19 purpose
3092 2850 19 18 of
3122 2849 89 21 ratifying
3217 2849 32 17 tic
3257 2845 90 19 selection.

1844 2884 37 12 MRS
1887 2874 77 24 sufficient
1964 2874 8 24 -
1972 2874 8 24 ,
1990 2876 35 18 eed
2031 2875 24 18 he
2062 2874 83 21 thonght,
2154 2871 45 19 with
2206 2877 54 17 tinny
2274 2870 67 20 others,
2354 2870 43 18 that

1844 2907 59 15 wages
1911 2900 63 18 should
1982 2898 22 18 be
2011 2896 112 19 maintained
2132 2896 48 18 anti!
2193 2895 15 18 it
2226 2900 37 12 Was
2281 2894 80 21 thought
2373 2893 28 17 ae-
3087 2877 41 14 THE
3142 2876 102 18 QUESTION
3256 2876 26 13 01
3295 2875 97 13 WOIIKINII
3406 2874 73 14 HOUns.

1844 2922 66 19 sirable
1918 2923 19 15 to
1945 2922 32 15 sell
1984 2921 48 17 coale
2041 2921 20 15 at
2073 2919 66 17 slower
2147 2919 45 17 rate.
2222 2916 38 18 The
2278 2922 39 11 111(11
2337 2915 64 18 Aould
3031 2897 38 18 Tim
3077 2896 96 19 Chairman
3189 2895 34 17 'all
3239 2894 43 17 that
3293 2900 48 11 pO,OO
3354 2893 103 18 iutimation
3471 2893 34 17 haul
3519 2893 44 17 been

1845 2942 111 19 understand
1963 2942 41 18 that
2011 2941 52 18 when
2073 2941 47 17 coals
2128 2944 51 12 came
2186 2939 57 17 below
2258 2937 40 17 that
2314 2936 87 18 standard
3008 2921 11 20 g
3019 2921 43 20 i...
3070 2920 24 21 by
3102 2924 48 11 some
3158 2917 19 18 of
3188 2917 31 18 the
3236 2919 74 14 meters
3326 2915 40 17 that
3379 2915 43 20 they
3430 2915 58 17 would
3496 2915 21 17 be
3527 2915 35 17 wee

1845 2967 43 21 they
1896 2965 63 19 should
1967 2965 76 17 consent
2049 2965 20 15 to
2076 2968 12 12 a
2095 2961 99 19 reduction.
2219 2960 59 18 When
2297 2959 32 18 the
2344 2959 57 21 agita-
3008 2942 39 21 ling
3054 2943 20 15 to
3081 2947 34 15 pay
3124 2941 30 17 the
3163 2940 71 21 preseut
3243 2941 38 13 eat...,
3289 2936 19 18 el
3321 2942 57 14 wage,
3386 2936 14 17 if
3412 2936 31 18 the
3452 2941 39 12 nom
3504 2936 58 18 would

3009 2963 48 18 Work
3067 2962 76 18 mother
3157 2961 46 18 hoer
3219 2966 31 15 per
3265 2960 40 20 .lay.
3328 2959 25 21 (A
3369 2957 86 21 Delegate
3464 2957 2 24 :
3482 2962 9 2 -
3500 2957 64 18 Better

1845 2989 39 18 lion
1893 2994 34 13 was
1936 2994 22 12 on
1967 2987 20 18 in
1995 2987 31 17 the
2036 2986 69 20 Forest,
2119 2986 35 15 two
2166 2988 53 18 years
2239 2987 39 18 ago,
2291 2987 44 17 very
2346 2980 54 19 much
3008 2986 44 18 take
3060 2986 25 17 off
3097 2985 31 18 the
3136 2983 50 21 eight
3195 2982 54 18 hours
3265 2980 37 20 and
3309 2980 48 18 work
3366 2980 30 18 the
3405 2980 66 20 four')
3496 2980 28 18 Ile
3533 2980 30 18 Mil

1846 3019 35 11 was
1890 3012 73 17 written
1971 3009 18 17 in
1997 3015 12 11 a
2016 3007 46 19 local
2074 3013 54 17 paper
2147 3007 19 17 in
2185 3006 91 18 reference
2294 3006 20 17 to
2331 3004 71 18 certain

1846 3034 67 18 officers
1922 3033 19 19 of
1949 3033 31 18 the
1996 3031 60 21 union,
2076 3030 35 18 and
2131 3034 11 12 a
2160 3028 70 18 certain
2239 3027 104 22 gentleman
2362 3026 40 17 who
3009 3009 32 17 not
3048 3008 59 20 know,
3117 3007 32 18 but
3157 3007 14 17 if
3178 3006 41 18 such
3229 3011 9 12 a
3248 3005 52 19 tlene
3308 3011 35 9 wa,
3353 3006 19 14 to
3378 3009 41 15 crop
3425 3002 53 22 nee,
3484 3002 78 22 teonght

3008 3031 40 17 thet
3058 3035 48 12 souse
3113 3028 102 22 expression
3228 3027 19 18 of
3265 3027 66 20 feeling
3344 3026 63 17 should
3419 3026 83 17 emmate
3516 3026 46 17 from

1847 3057 78 21 thonght
1932 3060 65 18 proper
2006 3057 18 15 to
2031 3059 65 18 oppose
2102 3052 31 19 the
2141 3052 61 18 union.
2226 3051 39 17 One
2272 3048 19 18 of
2304 3048 32 18 the
2349 3053 26 17 arg
2375 3053 8 17 i
2383 3053 9 17 l
2393 3053 9 17 -
3009 3053 40 18 that
3059 3052 84 20 meeting.

1847 3083 59 15 meets
1913 3078 92 19 advanced
2014 3084 35 11 wits
2057 3077 41 17 that
2107 3076 14 18 if
2128 3080 12 12 a
2147 3074 58 18 strike
2212 3072 44 19 took
2263 3072 89 24 pintail°
2362 3077 40 13 men
3033 3076 34 18 elr.
3077 3074 61 21 Lloyd,
3146 3072 77 21 Bilston,
3234 3072 38 18 sae'
3283 3072 22 18 he
3314 3071 34 18 leol
3358 3071 71 18 workea
3438 3070 41 21 long
3493 3070 71 21 enough

1847 3103 59 18 would
1915 3103 19 17 be
1948 3107 24 12 on
1984 3100 31 18 the
2030 3104 59 17 wrong
2108 3098 38 18 side
2146 3098 12 17 —
2158 3098 52 17 that
2230 3096 65 18 strikes
2315 3094 87 22 praluced
3011 3098 47 19 from
3067 3098 53 18 silts
3129 3097 33 20 six,
3170 3096 35 17 awl
3213 3096 24 17 he
3253 3100 54 11 'lever
3320 3093 84 18 intended
3412 3096 20 15 to
3446 3093 48 18 work
3502 3092 63 22 longer

1847 3124 53 19 much
1910 3124 92 20 suffering.,
2011 3124 56 18 want,
2076 3119 104 20 desolation,
2190 3118 35 18 and
2233 3118 72 21 misery.
2329 3117 39 20 Now
2368 3117 13 20 ,
2389 3117 14 17 if
3011 3122 54 15 hours
3073 3118 59 21 again.
3156 3118 61 19 (Hear,
3227 3117 58 20 hese)
3309 3117 28 15 He
3347 3116 84 17 movea—

1847 3148 41 17 that
1905 3151 34 12 was
1956 3145 31 18 the
2006 3144 43 18 only
2067 3143 96 20 argument
2181 3141 58 17 which
2259 3139 53 18 could
2327 3139 22 18 be
2361 3138 43 19 used
3030 3142 44 15 That
3080 3142 13 14 if
3100 3141 28 14 the
3136 3139 74 20 imestion
3217 3139 18 14 of
3246 3144 20 8 an
3274 3137 84 15 est.-no,
3366 3137 17 14 of
3389 3137 51 14 hintrA
3445 3142 33 9 was
3484 3136 83 14 broached

1847 3169 73 21 againet
1951 3172 11 13 a
1991 3161 63 26 strike,
2076 3164 24 18 he
2134 3163 39 20 (the
2203 3163 81 21 speaker)
2320 3161 70 22 though
2394 3163 7 14 t

1865 3156 2 35 .
1904 3156 2 35 -
3012 3161 17 15 in
3034 3164 32 14 ice.
3073 3159 43 15 tone
3122 3161 14 15 51
3145 3165 18 8 ,0
3170 3157 76 20 repelled,
3255 3157 32 14 ;ma
3294 3157 15 13 hi
3321 3161 21 9 so
3350 3156 43 14 form
3399 3156 59 15 should
3465 3156 41 20 Ate
3514 3157 52 14 gee,

1847 3191 34 18 but
1904 3196 43 17 very
1970 3189 47 19 little
2040 3188 20 19 of
2089 3188 20 21 it,
2138 3187 74 17 because
2243 3184 15 19 if
2289 3184 40 19 that
2352 3189 52 13 arete
3012 3180 61 17 Mined.

1848 3215 50 17 meat
1931 3220 37 11 was
2001 3209 90 25 accepted,
2130 3209 53 18 much
2217 3214 48 12 more
2297 3209 48 17 meat
2373 3197 9 27 '
2382 3197 20 27 be
3014 3200 58 22 (Toed
3084 3200 97 22 applause.)

1848 3235 84 22 accepted
1952 3241 22 12 on
1994 3235 31 17 the
2043 3239 50 13 eanie
2112 3231 44 18 rile.
2191 3230 18 18 If
2230 3231 20 17 to
2275 3230 100 18 undertake
2394 3235 11 12 a
3034 3222 35 19 elr.
3079 3221 7 37 S
3093 3221 8 37 7
3109 3221 52 37 HMICIT,
3171 3222 91 21 Ryecroft,
3278 3222 38 17 sail
3331 3221 22 19 he
3367 3221 85 19 seconeee
3462 3221 30 19 the
3501 3221 58 19 resole-

1848 3259 70 18 certain
1932 3257 56 18 work,
2004 3256 74 18 because
2106 3254 85 21 suffering
2210 3253 58 22 might
2287 3253 56 18 follow
2342 3253 9 18 ,
2368 3257 37 12 was
3012 3246 38 18 then
3060 3248 30 13 wit
3092 3246 11 15 h
3111 3250 9 11 a
3130 3246 51 20 e-reat
3189 3244 38 17 deal
3240 3244 19 17 of
3270 3244 87 21 pleaaire.
3383 3244 64 17 Before
3456 3244 22 17 he
3489 3249 48 12 came
3547 3246 19 15 to

1848 3287 63 15 wrong
1919 3280 19 18 in
1946 3280 91 21 principle,
2043 3280 19 15 to
2070 3278 50 18 what
2128 3279 60 15 extent
2198 3276 19 18 in
2222 3275 69 19 human
2297 3274 64 19 affeirs
2369 3274 35 18 and
3012 3268 50 19 work
3070 3268 18 18 in
3097 3268 41 17 that
3145 3267 72 18 district
3231 3267 21 18 he
3261 3267 74 20 enjoyed
3344 3267 31 18 the
3391 3267 86 21 privilege
3484 3267 20 17 of
3516 3267 50 18 seed

1850 3304 19 17 M
1877 3304 30 17 the
1916 3304 69 20 history
1990 3301 19 18 of
2017 3301 31 18 the
2054 3300 56 18 world
2118 3300 53 18 could
2183 3300 15 17 it
2209 3299 51 17 made
2267 3300 20 15 to
2295 3298 54 21 apply
2356 3299 8 15 ?
2389 3296 15 17 If
3012 3289 59 20 &lees.
3084 3291 34 17 and
3126 3289 51 18 when
3187 3289 21 17 he
3215 3294 48 12 rime
3272 3291 20 15 to
3300 3289 47 18 work
3357 3289 50 18 there
3416 3289 34 17 ana
3470 3289 66 20 having
3548 3289 19 17 to

1850 3333 11 11 a
1872 3326 53 20 thing
1931 3330 35 12 was
1975 3328 61 18 wrong
2046 3322 76 17 because
2134 3321 52 18 there
2199 3326 37 12 was
2250 3320 84 20 suffering
2334 3320 9 20 ,
2361 3319 44 18 then
3012 3315 48 18 work
3070 3313 43 20 lones
3119 3313 54 17 hours
3183 3312 21 17 he
3210 3312 79 20 thoneht
3296 3312 22 15 he
3327 3318 34 9 was
3367 3312 120 20 transported.
3501 3309 64 22 (Hear,

1850 3348 40 22 why
1898 3347 31 18 did
1937 3346 51 19 those
1997 3346 51 22 good,
2056 3345 30 18 old
2095 3351 39 12 men
2144 3345 39 17 who
2194 3348 46 13 were
2258 3343 57 18 burnt
2333 3347 24 12 on
2374 3341 32 18 the
3011 3337 58 21 hem.)
3093 3334 57 22 Eight
3158 3334 52 18 hours
3220 3339 11 12 a
3246 3334 34 21 day
3295 3339 35 12 was
3347 3333 48 21 quite
3409 3333 44 20 lone
3458 3333 72 21 enough
3537 3333 30 18 for

1851 3373 51 15 stake
1907 3370 100 18 undertake
2017 3369 46 17 their
2072 3367 50 18 work
2128 3363 21 22 a/
2157 3372 20 13 so
2192 3365 53 19 much
2258 3365 52 18 risk?
2344 3364 19 18 If
2375 3365 31 17 the
3011 3365 35 17 any
3054 3365 41 12 man
3104 3361 19 15 to
3130 3359 48 17 work
3193 3357 132 21 melerground,
3341 3357 34 17 111111
3384 3363 35 15 any
3428 3358 77 20 attempt
3514 3359 19 14 to
3541 3363 18 11 re-

1851 3392 86 21 principle
1945 3398 37 9 was
1989 3392 20 15 to
2021 3391 41 17 hold
2069 3391 63 19 water,
2140 3389 52 18 those
2199 3387 92 18 Christian
2309 3392 40 12 men
2366 3386 41 17 who
3011 3385 44 13 turn
3063 3384 19 14 to
3090 3381 30 17 the
3128 3380 30 18 old
3171 3381 65 19 eyetem
3250 3378 58 21 onght
3321 3380 20 15 to
3350 3378 21 17 be
3385 3378 65 20 nipped
3458 3378 18 18 in
3485 3378 31 17 the
3523 3378 43 18 bud.

1851 3415 41 17 died
1899 3415 28 17 for
1936 3412 47 18 their
1991 3411 74 21 religion
2074 3417 46 12 were
2128 3416 66 15 wrong.
2224 3410 30 17 He
2268 3409 31 17 did
2311 3410 32 15 not
2356 3407 50 22 place
3013 3404 33 20 He,
3054 3404 30 15 for
3091 3407 22 13 011
3113 3407 17 13 e,
3139 3402 57 15 woule
3204 3406 54 11 never
3266 3402 74 15 censent
3347 3403 20 14 to
3376 3400 48 17 wurk
3432 3400 65 19 longer
3504 3399 60 18 hour,

1851 3437 33 19 but
1892 3435 94 24 verylittle
2001 3433 47 19 faith
2060 3433 19 18 in
2091 3432 31 19 the
2133 3432 86 18 doctrine.
2248 3430 28 19 He
2289 3430 80 19 believed
2376 3430 31 18 the
3034 3424 35 19 Mr.
3079 3424 79 20 Gething
3171 3424 37 15 soil
3223 3422 76 22 nothing
3311 3422 34 17 had
3358 3422 74 17 readied
3442 3422 37 15 him
3487 3422 79 21 di•finite,

1851 3461 56 18 union
1915 3464 53 13 cause
1976 3463 35 13 Wai
2019 3463 12 13 a
2036 3457 51 21 right
2095 3463 39 13 one,
2144 3455 37 19 and
2187 3455 14 18 if
2207 3455 32 18 the
2251 3459 51 12 came
2310 3459 37 12 was
2362 3452 45 22 good
3025 3449 21 17 at
3053 3448 14 18 it
3077 3446 57 18 weal
3142 3446 22 17 be
3171 3451 13 12 us
3198 3445 12 18 It
3219 3446 30 17 for
3256 3444 47 19 them
3318 3448 19 15 to
3347 3444 22 18 be
3379 3444 91 22 prepared,
3478 3444 35 18 iill,l
3526 3444 41 18 that

1852 3483 51 18 those
1909 3483 38 15 who
1954 3480 102 18 un.lertook
2070 3480 15 17 it
2099 3480 48 17 must
2167 3477 21 19 be
2199 3476 89 22 prepared
2295 3478 20 15 to
2330 3476 33 21 put
2382 3482 25 14 up
3012 3470 31 18 the
3050 3476 63 12 course
3119 3469 20 18 of
3146 3470 32 15 the
3187 3469 86 17 member,
3281 3467 96 22 appeinted
3386 3474 46 15 upon
3442 3467 30 17 the
3478 3467 79 18 Concilia-

1852 3506 44 17 with
1905 3504 24 18 all
1941 3502 103 19 difficulties
2059 3501 58 18 which
2135 3506 57 12 arose.
2228 3500 31 17 No
2276 3503 61 17 wrong
2353 3503 54 12 cause
3012 3493 40 17 tion
3065 3491 59 18 Beare
3139 3490 44 18 with
3198 3491 70 17 ref.,11
3268 3491 11 17 ,
3279 3491 11 17 0
3304 3493 20 14 to
3338 3489 31 18 the
3385 3490 67 17 matter
3467 3489 64 18 should
3546 3489 22 18 be

1852 3527 58 18 would
1918 3526 61 18 obtain
1988 3524 31 18 the
2026 3523 65 18 favour
2102 3522 58 18 which
2173 3521 90 19 unionism
2276 3521 41 17 had.
2349 3520 59 19 Rieht

1853 3555 34 12 was
1897 3554 22 13 on
1933 3548 32 18 the
1982 3547 37 18 side
2031 3547 20 18 of
2063 3546 32 18 the
2113 3544 81 21 working
2206 3549 47 15 men,
2265 3542 38 19 and
3012 3515 67 20 clenrly
3086 3515 37 15 laid
3133 3514 60 17 amen.

2315 3541 39 20 God
2373 3540 35 19 had
3034 3536 37 18 Mr.
3086 3536 84 20 Roberts,
3187 3535 79 17 Prince's
3282 3534 46 20 Ene,
3346 3533 110 19 coneenaned
3475 3533 31 18 the
3524 3533 43 21 lone

1853 3570 94 24 prospered
1957 3570 54 17 them.
2046 3568 38 18 The
2102 3567 98 19 resolntMn
2217 3567 22 17 he
2256 3566 35 18 had
2307 3567 20 15 to
2335 3569 73 18 propose
3013 3560 54 17 hours
3074 3559 19 18 of
3105 3559 69 20 labour,
3183 3557 34 17 and
3230 3556 59 18 statea
3301 3556 40 18 thM
3354 3556 22 17 he
3390 3555 79 18 believed
3482 3555 41 18 that
3536 3555 33 18 the

1853 3600 59 12 WILS-.-
3013 3581 78 19 membrs
3098 3580 21 19 he
3128 3580 115 21 represented
3249 3579 59 18 would
3319 3578 60 22 prefer
3390 3579 63 21 giving
3464 3583 24 17 up
3500 3578 70 22 mining

1873 3617 43 15 That
1923 3617 17 14 in
1946 3615 28 15 the
1982 3614 67 19 opinion
2061 3613 15 14 of
2088 3613 33 14 this
2133 3612 71 15 nieetine
2217 3612 12 14 it
2241 3611 13 15 is
2265 3608 118 18 unreasonable
2391 3609 18 14 to
3014 3604 106 22 altogether.
3142 3602 112 22 (Applause.)

1853 3635 31 15 ask
1891 3637 44 13 atto
1942 3635 57 17 accept
2007 3638 32 14 any
2052 3632 86 14 reduction
2145 3632 84 14 whatever
2236 3630 43 15 until
2285 3628 37 17 coal
2329 3630 13 14 is
2349 3628 34 15 sold
2392 3630 17 13 at

1853 3654 28 15 the
1889 3654 25 19 pit
1920 3652 58 17 mouth
1985 3653 19 14 at
2011 3652 32 15 les.
2050 3656 11 11 a
2067 3652 35 13 tou.
2121 3650 46 15 Thee
2179 3650 39 22 teat
2229 3653 24 11 we
2259 3651 69 13 cement
2335 3650 34 13 toes
2376 3646 32 15 five
3037 3626 73 18 Several
3132 3626 97 19 Deb•inites
3250 3624 94 22 expre,sea
3369 3622 72 22 equally
3463 3628 20 12 as
3506 3626 64 19 strong

1854 3678 27 14 per
1887 3674 44 14 cent.
1939 3672 85 14 rednetion
2031 3676 20 9 .
2060 3674 48 14 every
2119 3669 67 18 thilline
2196 3673 17 11 in
2219 3667 30 17 the
2256 3667 43 19 price
2306 3667 18 15 of
2331 3666 45 15 coals
2382 3665 26 15 be.
3014 3648 87 24 opinions.

1854 3693 31 14 low
1893 3691 43 19 that,
1943 3691 33 15 and
1982 3691 48 15 when
2040 3690 37 14 coal
2088 3692 38 15 goes
2137 3692 22 15 up
2170 3689 51 14 above
2232 3687 32 14 Its.
2277 3691 9 11 a
2293 3689 37 15 ton,
2336 3691 24 9 we
2368 3685 40 14 Fhall
3037 3672 39 18 The
3090 3671 98 18 resolution
3203 3676 37 12 was
3255 3669 43 18 then
3315 3672 32 19 pet
3367 3669 35 17 and
3422 3669 70 17 carried
3508 3669 53 17 unani-

1854 3712 57 18 expect
1918 3713 18 12 to
1943 3711 61 14 receive
2010 3713 11 11 a
2028 3710 30 14 five
2062 3712 31 15 per
2099 3709 43 14 cent.
2148 3707 73 14 advance
2228 3711 21 9 on
2256 3710 48 14 every
2310 3704 73 19 shilling.

1854 3731 27 18 Il.e
1891 3730 67 18 desired
1967 3730 40 17 that
2019 3729 31 17 the
2061 3728 78 20 meeting
2152 3725 63 19 shoubl
2223 3725 54 22 speak
2284 3725 32 17 out
2323 3724 25 18 its
2356 3724 53 19 mind,
3015 3694 116 39 mously.THE
3142 3719 48 13 CASE
3202 3719 25 13 OF
3240 3717 142 14 UNFINANCIAL
3393 3717 106 13 MLllnEus.

1854 3755 34 15 and
1897 3754 14 17 if
1920 3754 14 17 it
1948 3757 35 12 was
1995 3750 102 18 considered
2109 3749 86 18 desirable
2211 3749 28 15 for
2254 3754 11 11 a
2276 3748 103 22 deputation
2389 3748 20 15 to
3039 3739 37 18 The
3087 3738 97 19 Chairman
3201 3738 43 17 next
3259 3736 105 18 ger...level
3379 3736 32 18 the
3426 3735 112 22 desirability
3540 3736 9 58 vi
3549 3736 20 58 meet
1909 3776 31 17 the
1948 3776 76 15 leaders
2035 3774 22 15 he
2066 3777 35 12 wm
2109 3772 19 17 in
2140 3771 61 18 &vow
2213 3771 19 17 M
2244 3770 43 18 such
2295 3770 52 20 being
2359 3770 50 15 done.
3017 3763 54 20 doing,
3079 3761 102 21 something
3188 3761 30 15 for
3223 3761 30 15 th,.
3262 3759 46 17 r't
3320 3758 18 17 ef
3346 3757 129 19 eon-financial
3484 3757 34 18 and
3528 3763 32 12 non-

1854 3797 73 21 (Hear
1928 3796 57 19 hear.)
3015 3784 57 18 union
3084 3789 40 12 men
3138 3783 19 17 in
3172 3783 32 17 the
3216 3782 54 17 di-e...
3281 3780 2 39 ,
3319 3782 26 14 Ile
3354 3781 33 15 had
3399 3785 25 11 no
3435 3781 96 20 symptithy
3542 3780 28 17 for

1877 3820 33 15 Mr.
1912 3802 5 34 .
1919 3817 77 17 William
2010 3816 74 20 Phillips
2098 3815 86 17 seconded
2196 3815 31 14 the
2239 3813 104 20 resolution,
2352 3811 58 17 which
3017 3807 51 15 those
3076 3810 40 12 men
3124 3804 40 17 who
3171 3806 46 15 weee
3224 3807 30 12 OW
3266 3802 2 34 ,
3278 3802 2 34 '
3304 3809 8 8 I'
3317 3802 2 34 L
3322 3803 34 14 ii,ll.
3367 3802 32 17 but
3407 3802 22 15 h..
3438 3802 30 15 ilia
3477 3803 32 14 not
3517 3802 53 15 think

1854 3847 35 11 leas
1899 3839 123 18 uneninionsle
2030 3837 72 17 carried.
3017 3828 31 15 the
3060 3828 71 19 present
3145 3830 38 11 was
3197 3824 32 17 the
3244 3822 5 35 I
3257 3830 7 4 -
3289 3822 1 35 •
3320 3822 2 35 •
3330 3829 18 9 •e•
3347 3829 6 9 ,
3353 3829 7 9 •
3378 3827 19 12 to
3409 3824 61 18 repeat
3483 3822 31 18 the
3526 3822 44 17 hard

1877 3863 34 17 Mr.
1923 3862 48 18 John
1987 3855 78 24 'Diem.
2080 3865 35 12 was
2130 3859 31 17 the
2176 3857 43 17 next
2233 3856 80 22 speaker,
2324 3854 35 19 and
2372 3854 38 18 who
3017 3848 64 22 things
3093 3848 41 18 that
3145 3847 35 17 had
3193 3847 44 17 been
3253 3852 35 9 -,
3306 3843 1 37 .
3317 3843 4 37 •
3373 3850 13 11 ~,
3400 3844 19 17 in
3432 3844 31 17 the
3471 3844 46 21 past.
3542 3843 30 18 He

1856 3886 94 18 addressed
1961 3885 31 17 the
2006 3883 77 19 meeting
2095 3883 19 17 at
2128 3887 48 12 sent°
2192 3880 67 21 length.
2284 3879 26 17 He
2327 3878 83 18 obeerved
3018 3870 78 22 thought
3104 3870 41 17 that
3152 3868 90 24 anythine
3254 3849 5 54 t
3265 3849 2 54 ,
3282 3874 8 9 .•
3307 3878 11 2 ..
3340 3849 2 54 •
3341 3849 1 54 ,

3353 3867 2 18 .
3372 3868 8 14 e
3387 3867 2 18 •
3399 3867 45 18 done
3457 3867 58 18 would
3523 3873 50 12 vow,'

1856 3911 40 15 that
1904 3909 22 15 lie
1933 3907 56 18 heard
1997 3913 9 9 a
2020 3906 45 20 good
2080 3905 35 17 and
2127 3902 74 18 sonsible
2210 3907 73 12 woman,
2291 3901 85 21 speakine
2388 3906 22 11 on
3018 3894 43 18 with
3069 3900 12 12 a
3087 3893 45 21 good
3142 3898 52 17 grace
3206 3894 18 14 at
3233 3892 24 15 th.
3289 3892 2 34 •
3325 3896 14 5 ,'
3352 3892 4 34 •
3367 3896 32 11 tee.

1856 3932 32 15 the
1899 3928 86 24 proposed
1998 3927 91 18 reduction
2102 3926 34 17 last
2150 3926 52 15 week
2211 3930 31 17 my
2254 3925 40 15 that
2306 3924 32 15 the
2352 3922 59 17 Union
3041 3917 35 17 Mr.
3086 3914 79 20 Morrell,
3176 3914 84 17 Blexivi.-}
3269 3912 2 40 .
3317 3920 21 2 ••
3357 3912 2 40 ,
3370 3912 2 40 ,
3392 3912 72 21 locality
3471 3913 44 20 they
3526 3918 48 11 were

1857 3952 35 18 had
1911 3957 47 12 come
1974 3952 19 15 to
2009 3950 43 15 such
2068 3953 9 12 a
2094 3947 48 22 pitch
2158 3946 78 17 between
2255 3951 40 11 men
2310 3945 34 15 and
2363 3944 47 17 their
3019 3938 54 21 doing
3080 3933 9 37 M
3099 3933 9 37 1
3118 3933 37 37 they
3163 3935 52 17 could
3228 3938 20 14 to
3262 3933 2 37 -
3269 3939 60 15 e1.e..,
3341 3933 5 37 i
3353 3933 1 37 ,
3364 3940 28 8 ee.
3405 3933 39 17 who
3456 3939 45 12 were
3509 3935 33 15 not
3554 3933 18 18 in

1857 3977 79 15 masters,
1944 3973 40 18 that
1993 3972 31 18 the
2036 3972 66 17 former
2109 3970 57 17 would
2179 3973 53 12 never
2242 3967 53 20 again
2308 3967 21 17 be
2336 3965 74 19 induced
3019 3959 67 26 receipe
3100 3959 19 17 of
3133 3958 56 18 union
3203 3959 78 19 support.
3307 3957 27 15 tie
3348 3957 51 15 Ime•er
3412 3956 43 17 thM
3468 3956 31 17 the
3513 3956 61 18 traded

1857 4000 7 14 I
1867 4004 8 9 o
1885 3998 40 15 kiek
1930 3997 30 17 the
1968 3997 57 14 beam.
2049 3993 98 22 (lerrighter
2152 3991 37 18 end'
2193 3991 74 20 cheers.)
2291 3990 38 17 The
2334 3989 78 19 working
3019 3983 90 18 uniomsts
3117 3986 45 12 were
3170 3979 125 21 contributing
3282 3957 31 39 ~1I
3348 3957 24 39 hll

3396 3978 18 18 in
3424 3978 48 18 tli
3474 3978 71 19 aidistrt

1858 4025 40 12 men
1915 4024 44 11 were
1975 4018 35 20 just
2027 4022 38 11 now
2080 4017 31 20 pet
2128 4016 37 14 iMo
2179 4013 31 17 the
2226 4012 78 17 balance.
2322 4011 34 18 ana
2372 4011 40 17 that
3041 4005 34 17 elr.
3086 4004 60 20 Amos,
3159 4002 131 21 Wednethery,
3308 4002 38 15 said
3361 4002 41 15 that
3418 4000 47 17 their
3480 4000 64 18 efforts
3555 4000 19 17 in

1859 4043 71 14 halance
1939 4045 34 12 was
1985 4044 33 12 one
2031 4038 18 17 of
2061 4037 109 21 oppression.
2193 4036 15 15 A
2217 4036 50 14 short
2278 4035 43 15 time
2335 4038 33 12 nee
2380 4032 30 17 the
3020 4026 40 18 that
3069 4029 48 15 town
3125 4025 34 18 had
3168 4024 76 18 mauled
3250 4024 48 17 them
3307 4025 20 14 to
3335 4024 97 15 eistribute
3441 4024 18 15 50
3458 4024 19 15 s.
3485 4029 32 15 per
3526 4024 50 15 week

1859 4067 73 14 tumters,
1941 4062 71 17 decided
2019 4061 31 17 the
2057 4064 57 17 wages
2122 4057 63 18 should
2193 4057 20 17 be
2223 4057 74 17 reduced
2304 4057 19 15 10
2330 4061 30 15 per
2365 4057 47 14 eent.
3020 4050 20 17 to
3047 4046 109 19 unfinancial
3164 4045 93 18 members.

1859 4087 31 15 but
1894 4085 38 17 why
1941 4089 35 12 was
1983 4083 40 18 that
2031 4083 58 15 notice
2099 4083 31 14 not
2138 4082 32 20 put
2183 4084 24 17 up
2222 4084 24 12 on
2257 4078 31 18 the
2303 4077 26 22 pit
2343 4077 56 17 frame
2405 4076 8 15 1
3044 4070 35 18 Mr.
3086 4070 84 21 Spencer,
3183 4069 92 20 tlyeeroft.
3287 4067 132 18 reeortimended
3435 4067 41 18 that
3491 4072 11 11 a
3519 4068 58 17 strike

1860 4109 17 15 It
1885 4113 34 11 wm
1928 4107 44 17 said.
1984 4109 9 5 ••
2001 4109 72 19 prepare
2081 4104 64 15 honest
2152 4102 60 20 things
2219 4102 59 15 before
2294 4100 31 17 the
2340 4100 48 21 sight
2395 4098 19 17 of
3021 4093 102 18 committee
3135 4091 22 18 be
3170 4090 97 22 appointed
3278 4093 21 15 to
3311 4089 44 18 take
3367 4093 47 18 step,
3428 4090 20 17 to
3461 4089 63 18 collect
3536 4089 31 18 sub-

1860 4130 58 17 -111.111.”
1941 4128 70 20 HATillg
2017 4126 78 18 referred
2102 4127 19 14 to
2131 4129 47 12 some
2186 4123 48 22 early
2242 4122 124 18 recollections
2374 4126 40 12 COM-
3021 4115 103 21 scriptions.

1860 4152 63 17 meted
1931 4150 41 17 with
1982 4150 28 17 his
2017 4148 80 18 bovhood
2106 4153 19 11 as
2140 4147 105 15 illnstrative
2262 4146 18 15 of
2291 4144 31 17 the
2337 4146 31 15 ten
2382 4148 33 17 per
3044 4136 73 18 Several
3130 4135 97 21 Delegates
3243 4135 81 19 strongly
3340 4134 80 20 objected
3437 4135 19 15 to
3471 4134 107 21 supporting

1860 4176 53 17 rent.,
1926 4174 21 17 he
1954 4174 46 15 went
2008 4176 22 12 on
2039 4167 19 21 to
2067 4175 30 17 may
2112 4169 40 18 that
2164 4168 35 18 like
2218 4167 27 18 his
2265 4167 39 20 (the
2320 4165 94 24 speaker's)
3022 4159 139 18 noteunionists.

1860 4198 66 19 father,
1937 4194 70 19 instead
2014 4200 38 11 now
2062 4194 15 17 of
2089 4193 59 20 giving
2156 4192 31 17 the
2202 4195 41 12 men
2258 4192 31 15 ten
2297 4189 67 18 slashes
2372 4188 44 21 they
3046 4181 35 19 Mr.
3090 4180 45 22 Dey,
3145 4180 76 20 Hasten,
3230 4179 38 18 side
3281 4179 40 18 that
3330 4179 44 21 they
3381 4178 35 18 hall
3463 4179 40 17 site
3504 4179 76 17 irculars

1861 4226 45 11 were
1918 4218 107 18 determined
2035 4219 19 15 to
2062 4215 52 18 make
2134 4215 13 17 A
2167 4213 111 22 twenty-five.
2303 4212 40 18 Had
2359 4217 57 17 wage.
2506 4200 135 21 ALARMING
2653 4200 126 20 COLLIERY
2798 4199 132 20 ACCIDENT.
3022 4204 104 20 retnruable
3135 4202 44 18 with
3187 4201 129 22 subscriptions
3324 4202 19 17 to
3350 4201 32 18 the
3390 4200 65 22 euMie,
3464 4200 35 19 one
3508 4201 72 22 taremly

1861 4247 45 18 opine
1928 4241 25 21 ph
1954 4240 45 22 uairly
2007 4240 22 17 he
2037 4238 124 22 apprebendsd
2170 4238 32 15 tha
2202 4237 54 17 tth
2256 4243 11 15 p
2239 4244 8 8 e
2268 4237 59 15 resimt
2340 4234 77 18 meetine
3022 4227 32 19 bet
3058 4233 46 12 ween
3112 4226 40 19 All
3159 4226 35 17 and
3204 4226 39 18 £l5
3250 4225 34 17 had
3294 4225 45 17 been
3347 4225 92 17 collected.

2465 4243 15 17 A
2489 4246 43 17 very
2550 4240 18 18 ha
2643 4239 83 17 accident
2739 4237 85 19 occurred
2837 4243 22 12 OR
2878 4237 91 21 Smthrilay
2980 4238 19 15 at

1863 4265 45 17 twee
1915 4265 31 15 not
1954 4264 44 14 have
2004 4263 45 15 been
2055 4261 47 17 held,
2109 4260 76 17 became
2199 4259 32 15 the
2243 4264 41 11 men
2303 4258 57 15 WORM
2373 4258 44 14 have

2441 4265 32 17 the
2480 4264 72 21 colliery
2562 4261 19 17 of
2587 4261 738 17 M
3325 4246 31 22 lyn

2609 4267 13 11 r.
2630 4260 41 18 Jno.
2678 4260 76 19 Jewett,
2760 4261 20 15 M
2786 4259 33 18 the
2826 4259 65 20 village
2898 4259 19 17 of
2927 4258 71 20 efellor,
3047 4247 197 22 Mr.RogeresioMthM
3253 4247 109 18 rdehes
3361 4246 43 22 Hay
3410 4246 171 22 theylmecoMectod

1863 4285 96 19 conseMed
1965 4286 19 14 to
1991 4290 11 11 a
2010 4283 92 18 reduction
2109 4281 19 17 a
2139 4285 24 17 w.
2163 4285 12 17 g
2174 4285 26 17 ..
2224 4279 18 18 If
2252 4278 31 19 the
2291 4280 74 15 masters
2374 4283 44 11 were
2443 4291 44 13 near
2498 4285 103 20 Stockport.
2635 4283 60 17 About
2708 4287 11 11 a
2731 4283 122 20 Tarter-past
2867 4280 61 18 eleven
2936 4279 20 18 in
2967 4279 32 18 the
3025 4272 22 18 sc
3047 4272 24 18 l.

1864 4306 107 18 determined
1978 4309 19 14 to
2006 4311 51 17 proes
2062 4304 48 18 their
2118 4304 58 15 notice
2183 4304 18 14 in
2216 4303 30 15 the
2262 4306 40 12 case
2317 4302 31 15 the
2356 4300 61 17 Forest
3047 4293 37 18 Mr.
3093 4291 56 22 Edge,
3158 4291 124 20 WednesfiiA4.
3293 4290 38 18 said
3346 4291 20 17 at
3379 4291 37 17 this
3432 4290 51 21 keg..
3491 4290 43 21 they
3546 4289 37 18 haul

2444 4309 94 18 forenoon..
2545 4305 30 18 the
2583 4304 56 19 crank
2648 4304 50 17 shaft
2705 4304 19 17 M
2730 4304 105 17 connection
2844 4303 44 17 with
2894 4303 32 17 the
2934 4303 64 20 engine

1864 4336 40 12 men
1910 4330 44 17 need
1962 4330 31 15 let
2001 4329 21 15 be
2030 4326 78 18 alarmed
2115 4325 74 18 because
2202 4324 24 18 he
2239 4330 35 11 was
2290 4324 31 17 not
2336 4323 58 17 afraid
2401 4322 18 17 of
3025 4315 69 19 headed
3100 4320 12 11 a
3119 4312 119 22 subscription
3255 4312 31 18 list
3298 4312 44 18 with
3351 4312 30 18 ..tes
3394 4312 30 18 for
3431 4312 30 18 the
3477 4311 60 20 funds,
3546 4311 35 18 and

2445 4330 78 22 snapped
2531 4329 19 18 in
2558 4330 40 19 two,
2608 4326 58 18 which
2674 4325 19 19 of
2701 4331 61 13 course
2772 4326 32 20 put
2811 4330 11 13 a
2830 4325 40 21 stop
2878 4326 19 15 to
2906 4324 31 18 the
2944 4324 45 18 work-

1870 4358 20 12 sit
1906 4354 45 21 poet.
1974 4350 58 18 There
2041 4355 43 12 were
2092 4349 63 21 plenty
2165 4348 18 17 of
2193 4352 41 11 men
2251 4348 31 15 out
2297 4345 18 18 of
2324 4345 32 18 the
2370 4344 48 21 large
3026 4338 21 18 he
3056 4337 73 19 himself
3136 4335 86 19 collected
3230 4336 26 18 .£1
3267 4335 18 18 in
3294 4335 54 18 about
3357 4336 43 17 four
3406 4336 60 15 beers.

2445 4354 31 22 ing
2484 4351 19 19 of
2510 4351 31 19 the
2550 4356 58 17 cages.
2643 4349 111 21 Twenty-six
2769 4354 39 12 men
2816 4352 46 12 were
2871 4348 18 17 in
2897 4348 31 15 the
2944 4346 26 22 pit
2979 4349 20 14 at

1864 4382 50 14 army
1922 4376 18 15 of
1950 4374 87 17 unionists
2046 4371 53 22 ready
2108 4370 33 18 and
2154 4370 65 19 willMg
2235 4370 19 17 to
2262 4369 63 17 render
2340 4369 79 20 support.
3048 4361 38 18 Mr.
3105 4358 80 22 teething
3202 4357 72 19 advisee
3289 4357 72 19 caMion
3378 4357 18 18 in
3411 4357 73 21 dealing
3496 4357 44 17 with
3552 4356 31 18 the

2445 4376 31 19 the
2484 4376 48 17 time.
2567 4372 57 18 Much
2630 4371 137 18 coneternation
2776 4376 37 12 was
2825 4370 65 18 etallSed
2904 4371 19 17 M
2930 4370 32 17 the
2974 4370 28 21 Mt

1867 4398 61 21 (Hear.
1939 4396 57 20 heare
2020 4395 30 17 Ile
2056 4396 46 14 weM
2109 4398 24 11 on
2141 4395 19 14 to
2167 4397 32 17 say
2206 4393 41 17 that
2256 4391 86 21 the'price
2353 4390 18 17 of
2382 4389 39 17 eoal
2447 4397 61 18 month
2517 4402 47 17 upon
2572 4396 15 17 A
2596 4395 93 20 becoming
2695 4394 67 17 kreerte
2771 4393 41 17 thM
2824 4393 51 17 there
2883 4397 35 12 was
2928 4397 22 12 no
2959 4397 44 12 rem

3027 4383 19 39 fue
3046 4383 13 39 hi
3059 4383 6 39 l
3065 4383 7 39 r
3072 4383 7 39 e
3079 4383 7 39 .
3093 4382 5 61 °
3098 4383 12 39 Li
3110 4383 6 39 t
3117 4383 6 43 o
3123 4383 6 43 t
3129 4383 6 43 y
3135 4383 6 43 h
3141 4383 6 43 d
3146 4383 6 43 e
3158 4382 8 61 m
3167 4382 34 61 il°d
3201 4382 18 61 ov
3219 4382 8 61 e
3227 4382 18 61 it
3244 4382 8 61 i
3253 4382 19 61 tt

3273 4402 6 40 m
3279 4402 20 40 the
3299 4402 20 40 iho
3319 4402 13 40 ma
3332 4402 6 40 d
3338 4402 6 40 t
3344 4402 6 40 i
3350 4402 6 40 t
3356 4402 7 40 ,
3363 4402 7 40 e
3370 4402 7 40 i
3377 4402 7 40 r
3384 4402 14 40 ri
3398 4402 7 40 b
3405 4402 14 40 ef
3419 4402 7 40 e
3435 4401 4 41 1
3438 4401 4 41 ,
3442 4401 8 40 ..
3450 4401 4 41 0
3454 4401 5 41 f
3458 4401 5 41 e
3463 4401 5 41 t
3470 4429 8 12 f

3485 4401 11 45 .f
3496 4401 6 45 o
3502 4401 12 45 or
3514 4401 6 45 t
3520 4401 6 45 y
3526 4401 18 45 lle
3543 4401 12 45 oo
3555 4401 6 45 d
3561 4401 6 45 w
3567 4401 12 45 is
3579 4401 6 45 :

1878 4422 6 15 I
1893 4420 97 18 Newell=
1998 4422 22 13 on
2029 4417 31 18 the
2069 4416 80 22 previous
2158 4415 47 17 week
2213 4420 35 11 was
2259 4414 37 17 VS.
2313 4419 11 11 A
2339 4414 38 15 ton.
2400 4411 21 17 In

2447 4423 19 15 at
2474 4419 50 19 hand
2531 4416 83 24 whereby
2622 4416 30 19 the
2666 4422 40 12 men
2715 4415 58 22 might
2784 4415 22 18 be
2819 4415 44 18 broil
2871 4414 26 18 eit
2907 4421 28 14 ee,
2944 4420 19 11 as
2972 4409 31 21 the

1866 4443 63 20 regard
1936 4444 19 15 to
1962 4441 31 18 the
2001 4441 54 17 water
2062 4439 72 22 engines
2154 4437 21 17 he
2196 4436 54 20 tweed
2268 4436 51 18 them
2336 4436 32 17 not
2374 4435 47 17 lobe
2447 4443 27 24 pit
2486 4442 17 19 is
2515 4448 33 13 one
2558 4441 59 18 which
2635 4439 34 19 fills
2686 4439 71 22 rapidly
2773 4437 44 19 with
2835 4441 56 13 Hat,
2908 4436 51 18 when
2970 4436 32 18 the
3014 4427 2 40 I
3028 4428 45 19 teiet
3080 4427 109 20 eemmiteee,

3028 4452 91 18 munieate
3126 4449 44 18 with
3178 4448 31 19 the
3217 4454 70 13 venous
3300 4448 52 18 trete
3365 4448 63 18 uniore
3443 4448 17 17 in
3470 4448 30 17 the
3507 4447 79 21 district,

1867 4467 58 21 hasty.
1949 4465 70 20 Having
2027 4462 76 18 rferred
2111 4463 19 15 to
2138 4461 30 17 the
2177 4457 96 20 resolution
2285 4460 19 17 of
2315 4460 31 15 the
2362 4462 59 12 exec.-

2447 4467 73 18 eneines
2532 4470 32 12 are
2575 4466 32 15 not
2619 4465 19 15 at
2649 4462 56 18 work.
2740 4461 78 22 Alarge
2833 4461 34 18 eel
2884 4460 20 19 of
2915 4466 41 15 rope
2968 4466 35 11 svm
3015 4457 2 27 i

1867 4491 37 15 live
1912 4494 22 11 on
1944 4494 9 9 •
1962 4487 67 17 similar
2036 4486 81 21 question
2124 4483 65 21 during
2197 4483 31 17 the
2237 4482 57 17 South
2302 4481 59 17 WM.
2369 4480 53 18 strike
2471 4481 9 7 e

1869 4512 31 15 the
1907 4509 73 22 speaker
1989 4507 80 18 resumed
2081 4507 27 15 his
2118 4507 37 14 seat
2199 4505 27 15 dl
2226 4505 34 15 oud
2269 4504 91 21 arpl6l.o.
2448 4492 40 15 sent
2523 4487 35 20 for,
2587 4486 58 17 vthich
2672 4491 48 15 upon
2747 4483 66 17 arrival
2842 4488 37 12 was
2907 4481 56 19 found
2985 4483 20 15 to
3015 4469 2 63 I
3030 4474 44 18 with
3080 4474 32 17 the
3119 4473 45 17 view
3171 4472 20 18 of
3197 4472 96 20 obtaining
3304 4476 35 15 any
3347 4470 131 21 subscriptions
3490 4470 41 17 that
3543 4469 44 22 they

3032 4518 21 44 47.
3053 4518 7 44 M
3060 4518 14 44 ee
3074 4518 7 44 r
3081 4518 7 44 d
3089 4518 8 44 .
3098 4513 6 46 J
3104 4513 6 46 t
3110 4513 6 46 .
3116 4513 6 46 o
3122 4513 12 46 La
3133 4513 12 46 pa
3145 4513 6 46 n
3151 4513 6 46 y
3157 4513 12 46 ks
3169 4513 6 46 o
3175 4513 6 46 ,
3181 4513 12 46 ou
3193 4513 12 46 Se
3204 4513 19 46 .fi
3223 4513 12 46 to
3235 4513 6 46 o
3241 4513 6 46 m
3247 4513 6 46 a
3253 4513 13 46 lr
3266 4513 6 46 c
3272 4513 6 46 e
3278 4513 6 46 i
3283 4513 6 46 .
3289 4513 13 46 ai
3302 4513 6 46 s
3308 4513 6 46 m
3314 4513 20 46 tat
3334 4513 6 46 m
3340 4513 21 46 erl
3361 4513 14 46 4,
3376 4513 7 46 t
3383 4513 7 46 r
3390 4513 14 46 ht
3404 4513 7 46 ,

3412 4513 6 39 l
3418 4513 12 39 ot
3430 4513 12 39 o,
3442 4513 12 39 li
3454 4513 6 39 w
3459 4513 6 39 s
3465 4513 12 39 it
3477 4513 6 39 l
3483 4513 6 39 h
3489 4513 12 39 oe
3501 4513 6 39 f
3507 4513 6 39 e
3513 4513 6 39 .
3519 4513 6 39 e
3524 4513 12 39 mi
3536 4513 6 39 l
3542 4513 13 39 li
3555 4513 13 39 ge
3568 4513 13 39 c,
3581 4513 7 39 l

2450 4512 22 17 be
2490 4509 30 18 for
2538 4512 31 14 too
2584 4507 58 18 short.
2676 4507 58 19 Many
2757 4511 61 11 means
2835 4511 46 11 were
2898 4504 107 17 afterwards
3015 4494 4 34 I
3030 4496 60 20 might
3099 4494 37 18 feel
3144 4494 83 20 disposed
3234 4495 20 15 to
3261 4494 46 20 give.

1892 4533 14 15 A
1915 4531 100 17 committee
2023 4534 34 11 was
2076 4527 96 22 appointed
2180 4528 19 15 to
2206 4527 46 15 meet
2271 4526 32 17 the
2323 4526 74 15 nutters
2406 4525 18 14 at

2450 4532 48 19 tried
2519 4533 20 15 to
2562 4534 61 13 rescue
2646 4528 32 18 the
2700 4533 47 14 men,
2767 4526 39 19 who
2832 4526 25 22 by
2884 4526 32 17 the
2939 4526 30 17 aid
2987 4525 20 18 of
3017 4517 4 44 1

1870 4554 32 18 the
1909 4553 67 21 Speech
1984 4552 73 20 ,Honse.
2082 4551 28 15 On
2125 4548 109 20 Wednesday
2243 4553 9 11 a
2259 4546 70 22 melody
2336 4552 35 11 was
2381 4551 45 14 snug
2451 4559 12 14 •
2484 4552 53 20 small
2558 4552 51 21 cord,
2637 4550 58 18 which
2726 4550 34 17 hail
2791 4548 45 18 been
2864 4547 77 18 lowerel
2962 4547 45 18 with

1872 4577 34 17 and
1912 4577 28 15 the
1950 4574 78 20 meeting
2036 4572 67 21 shortly
2113 4572 46 17 after
2167 4577 34 11 was
2209 4570 77 21 brought
2294 4572 19 14 to
2322 4574 9 11 a
2339 4569 52 17 close.
3032 4561 35 18 and
3080 4561 19 17 75
3103 4558 4 37 ,
3115 4561 20 17 to
3142 4559 52 19 those
3202 4559 43 18 with
3257 4564 24 12 no
3294 4558 84 18 families.
3402 4558 30 18 He
3444 4558 92 20 reeretted
3548 4558 41 18 that

2452 4578 102 21 provisions.
2563 4578 39 13 sent
2610 4578 24 18 up
2643 4578 8 12 a
2657 4578 78 13 message
2744 4572 71 17 written
2824 4577 21 9 on
2854 4571 31 17 the
2893 4571 70 15 outside
2969 4570 19 15 of
2996 4574 11 11 a

2452 4600 28 17 tin
2487 4604 32 13 can
2532 4598 40 18 that
2584 4597 43 21 they
2636 4600 44 12 were
2693 4594 79 19 starving
2783 4593 44 18 with
2838 4592 44 18 cold.
2906 4592 14 17 A
2934 4594 73 20 capstan
3033 4589 96 14 numerous
3136 4584 85 20 attempts
3236 4581 35 17 had
3286 4581 44 17 been
3343 4580 51 18 made
3407 4580 24 22 by
3439 4580 100 18 nomunion
3549 4586 43 12 men

2454 4629 33 11 won
2496 4622 66 20 rigged.
2570 4619 34 18 and
2613 4625 11 12 a
2630 4624 50 17 rope,
2689 4618 32 17 lee
2733 4617 53 22 yards
2796 4617 48 21 keg,
2852 4616 57 17 which
2917 4616 34 17 had
2962 4616 46 17 been
3034 4611 31 14 not
3078 4605 58 24 living
3143 4604 65 20 within
3215 4604 32 19 the
3254 4604 57 18 limits
3324 4603 19 19 of
3357 4603 32 19 the
3402 4604 83 18 Seamore
3498 4603 61 24 Lodge
3572 4605 20 18 to

2456 4644 47 21 Ivine
2511 4645 31 15 out
2551 4643 22 17 all
2585 4643 32 17 the
2626 4642 69 18 winter,
2702 4645 35 12 wee
2747 4639 81 18 fastened
2839 4642 19 14 to
2868 4644 9 12 a
2890 4638 58 18 chain.
2956 4638 52 17 after.
3034 4631 69 21 impose
3110 4635 48 17 neon
3165 4629 56 17 them.

2456 4663 31 20 Wei
2491 4667 20 15 de
2519 4664 72 18 seemed
2597 4665 20 15 to
2622 4664 31 15 the
2660 4663 79 20 capstan,
2744 4663 70 14 thrown
2822 4667 41 9 over
2867 4661 32 15 the
2904 4661 105 17 headstock,
3058 4654 38 17 The
3103 4651 99 18 resolution
3210 4656 35 11 was
3255 4650 44 17 then
3308 4652 32 18 pot
3346 4650 35 17 and
3390 4650 76 17 carried,

2456 4689 35 17 and
2498 4687 80 19 lowered,
2588 4691 9 11 a
2606 4684 80 18 crossbar
2693 4683 53 21 being
2757 4683 81 17 fastened
2845 4683 20 15 to
2871 4682 32 18 the
2911 4682 34 17 end
2954 4682 19 15 of
2980 4682 31 15 the
3196 4676 92 12 'MOISTER
3300 4676 21 11 Or
3334 4676 94 12 MEMBERS.

2456 4716 44 19 rope
2506 4710 30 18 for
2546 4709 32 19 the
2591 4714 41 13 men
2641 4709 20 17 to
2673 4708 22 17 pit
2704 4711 30 13 on.
2756 4706 24 17 At
2793 4706 47 22 eight
2854 4704 66 18 o'clock
2929 4706 18 17 at
2957 4703 53 24 night

3038 4694 14 48 po
3052 4694 7 48 M
3059 4694 22 48 sit
3081 4694 7 48 r
3089 4694 14 48 ie
3103 4694 7 48 S
3110 4694 7 48 n
3117 4694 7 48 P
3124 4694 15 48 ;h
3139 4694 7 48 e
3146 4694 7 48 a
3154 4694 7 48 e
3161 4694 7 48 t
3168 4694 7 48 e
3175 4694 7 48 t
3182 4694 8 48 r
3190 4694 8 48 h
3198 4694 8 48 .
3207 4694 8 48 e
3215 4694 8 48 .
3223 4694 17 48 2l
3240 4694 8 48 l
3248 4694 8 48 d
3263 4694 6 40 e
3269 4694 6 40 m
3275 4694 6 40 n
3281 4694 6 40 l
3287 4694 6 40 a
3293 4694 6 40 e
3299 4694 6 40 l
3305 4694 7 40 l
3312 4694 7 40 i
3319 4694 7 40 e
3326 4694 7 40 r
3333 4694 7 40 ;
3348 4694 13 40 lea
3361 4694 8 40 l'
3370 4694 18 40 itri
3387 4694 13 40 'rr
3400 4694 4 48 e
3404 4694 5 48 '
3409 4694 5 48 d
3413 4694 9 40 li
3431 4694 7 43 .
3445 4694 39 43 Act7a
3484 4694 15 43 el
3500 4694 15 43 Ml
3515 4694 24 43 it.
3539 4694 7 43 t
3546 4694 8 43 e
3554 4694 17 43 ha
3570 4694 8 43 P
3579 4694 17 43 t%

2457 4735 31 18 the
2503 4735 38 15 first
2557 4737 47 12 man.
2620 4731 33 17 Mr
2669 4727 53 21 Ist&
2735 4728 93 20 Marshall.
2843 4728 32 18 the
2890 4728 123 19 underlooker,

2458 4757 69 17 arrived
2535 4759 18 14 at
2559 4756 32 17 the
2598 4755 27 21 pit
2637 4754 70 17 month.
2730 4753 27 15 He
2769 4750 120 22 immediately
2897 4750 72 17 ordered
2980 4750 34 17 hot
3039 4743 74 19 regirter
3119 4742 20 18 of
3145 4741 32 18 the
3184 4747 63 11 tames
3254 4741 18 15 ~f
3281 4741 85 15 members
3373 4741 20 15 be
3400 4741 44 20 kept
3451 4741 22 20 by
3482 4741 30 15 the
3526 4741 71 19 general

2458 4780 30 15 tea
2497 4779 35 15 end
2542 4778 98 21 provisions
2648 4779 19 13 to
2674 4775 32 17 the
2713 4780 47 11 men,
2766 4774 44 17 who.
2818 4774 21 15 he
2849 4774 44 15 said,
2897 4779 20 8 w,
2923 4779 19 9 re
2949 4773 65 15 almost
3040 4767 93 19 seereteele

2460 4800 39 18 stiff
2506 4800 44 18 with
2558 4799 45 17 cold,
2610 4798 35 17 and
2656 4802 51 11 some
2714 4796 18 17 of
2743 4796 51 17 them
2805 4795 21 17 he
2833 4794 78 21 thought
2920 4794 57 17 would
2983 4794 32 17 not
3063 4787 34 17 Mr-
3106 4787 51 15 Dee.
3164 4785 94 22 e.Plee'ted

2460 4824 21 17 be
2490 4822 39 18 elee
2536 4824 20 15 to
2569 4820 43 19 hold
2620 4826 24 12 on
2650 4822 19 15 to
2678 4820 31 17 the
2721 4825 47 17 rope.
2792 4818 72 18 Crowds
2877 4817 19 18 of
2907 4817 63 22 people
2980 4817 35 17 had
3041 4814 35 18 'Fee
3086 4808 81 22 edePted.

2460 4847 22 21 by
2492 4846 35 18 this
2539 4846 43 17 time
2595 4843 85 21 withered
2688 4846 19 13 at
2715 4843 30 17 the
2758 4841 26 22 pit
2792 4841 52 20 head,
2852 4840 34 19 and
2895 4841 48 19 great
2953 4839 64 19 cults-
3066 4833 53 17 Some
3132 4831 97 18 eisenedon
3240 4830 43 17 took
3294 4832 50 20 plece
3353 4834 19 12 as
3384 4830 19 17 to
3415 4828 31 18 the
3459 4828 110 22 desirability
3582 4828 18 17 of

2461 4872 51 13 mem
2528 4865 96 25 prevailed,
2639 4872 19 11 al
2674 4866 31 17 the
2717 4867 54 14 water
2786 4870 35 11 was
2839 4865 71 20 gaining
2929 4864 41 17 fast.
3001 4863 18 17 It
3044 4857 56 18 lining
3106 4856 31 17 the
3145 4854 70 17 district
3227 4852 103 21 weretere's
3341 4852 58 21 eatery
3412 4858 48 14 upon
3474 4858 11 9 a
3497 4854 105 18 permanent

2464 4897 34 11 was
2510 4890 43 17 four
2565 4896 13 9 is
2583 4890 51 17 clock
2646 4893 24 11 on
2685 4887 72 21 Stuaday
2773 4886 80 21 morning
2869 4886 59 17 before
2943 4885 31 17 the
2985 4885 35 17 lest
3045 4878 54 18 basis,
3106 4883 20 11 no
3135 4883 20 9 as
3162 4878 20 14 to
3190 4876 105 21 adequately
3304 4878 112 13 remunerate
3424 4874 37 15 him
3469 4874 28 15 for
3504 4874 32 17 tie,
3549 4878 43 15 grow-

2464 4918 43 12 man
2513 4917 37 13 was
2561 4911 76 22 bronglat
2649 4912 20 17 to
2681 4910 32 18 the
2725 4910 76 17 surface.
2824 4909 54 17 Great
3046 4902 31 17 inc
3085 4900 77 17 increase
3170 4898 19 17 in
3197 4898 27 17 his
3233 4898 64 15 duties.
3321 4897 38 15 The
3367 4897 83 20 quistien
3458 4900 37 12 was
3506 4896 97 21 adjanneee

2839 4899 26 26 r
2865 4899 26 26 '
2891 4907 57 22 praise
2961 4907 14 17 is
2987 4906 34 18 due

2465 4938 19 17 to
2493 4936 33 18 Mr.
2535 4935 97 20 Mareland,
2640 4935 31 18 the
2683 4933 91 24 engineer.
2781 4932 40 18 who
2833 4931 64 24 spared
2910 4937 22 12 no
2941 4930 80 18 exertion
3032 4923 44 30 il.r
3081 4928 34 13 one
3124 4922 69 18 month.

2466 4967 24 11 on
2498 4959 28 17 his
2535 4961 40 21 part
2581 4961 21 15 to
2609 4963 60 13 rescue
2678 4957 31 18 the
2717 4963 47 11 men.
2786 4956 37 19 Mr.
2828 4955 69 22 Joseph
2904 4955 77 17 Morton,
2987 4952 34 18 Mr,
3033 4946 5 35 I
3187 4948 103 14 STATISTICS
3302 4948 35 12 FOR
3347 4948 39 12 THE
3399 4946 71 13 MONTH.

2467 4983 50 17 Jesse
2530 4983 67 15 Bmver,
2610 4982 33 15 Mr.
2652 4981 51 17 Jesse
2715 4980 81 21 Bradley.
2809 4978 35 17 and
2857 4978 32 17 Mr.
2897 4977 61 17 James
2969 4976 56 17 Brad.
3034 4964 5 37 1
3071 4970 39 17 The
3118 4968 129 18 contributions
3256 4967 41 22 paid
3306 4967 18 17 in
3333 4965 94 18 emonnted
3436 4968 20 15 to
3465 4967 46 17 tie,
3522 4965 35 18 lie...
3568 4964 28 18 ed.

2467 5006 45 17 bury
2519 5003 39 18 also
2565 5003 44 18 took
2621 5009 9 9 a
2639 5008 41 15 very
2689 5002 56 17 active
2757 5002 46 20 part.
2826 5001 17 15 It
2852 5001 13 14 is
2877 5000 58 15 stated
2946 4998 41 17 that
2995 4997 30 18 the
3051 4993 56 17 lertee
3118 4994 18 14 at
3152 4991 32 18 Is.,
3200 4989 51 19 £lO2
3269 4989 26 17 7,
3315 4989 38 19 bd.;
3373 4989 53 14 levi.
3439 4989 19 15 et
3476 4989 21 14 lei
3508 4989 4 34 ,
3529 4989 27 17 Al
3573 4989 26 14 se,

2469 5028 26 20 pit
2503 5026 37 17 will
2546 5028 32 14 net
2585 5026 20 15 Le
2615 5024 53 17 reedy
2676 5023 27 18 ter
2712 5022 48 19 work
2770 5023 18 17 in
2796 5022 37 17 less
2839 5022 45 17 theu
2893 5027 11 11 a
2910 5021 48 17 week
2968 5026 19 12 or
2995 5022 31 14 ten
3052 5014 53 19 total,
3119 5014 11 15 t
3130 5014 35 15 353
3177 5013 26 15 2s.
3216 5011 27 17 ed.
3272 5010 77 17 Number
3363 5010 18 15 of
3393 5010 94 18 members,
3501 5009 46 39 6,740
3556 5009 9 39 e
3575 5009 27 39 ;in

2470 5049 50 24 da)s.
3054 5037 117 21 creasOnyon
3178 5035 32 18 the
3219 5033 71 19 month.
3301 5033 48 21 1441.

1944 4639 92 18 STRIKE
2048 4638 32 19 OF
2092 4636 152 21 CLEVELAND
2256 4635 97 19 MINERS.

2452 2128 85 13 DISPUTE
2550 2127 25 12 AT
2587 2126 103 13 OA+AVOOD
2700 2125 107 14 COLLIERY,
2822 2124 90 12 MA.E,TI,3.

2430 2154 18 18 A
2454 2153 71 21 dispute
2530 2153 33 17 has
2571 2152 85 18 occurred
2663 2153 19 15 at
2688 2151 89 18 Oakwood
2784 2150 84 20 Colliery,
2876 2150 87 19 Maesteg.

2408 2177 38 18 The
2454 2181 40 12 men
2503 2174 93 24 employed
2601 2173 43 18 here
2650 2173 46 18 have
2704 2172 46 18 been
2759 2172 34 18 idle
2802 2172 65 20 during
2872 2171 32 17 the
2910 2170 54 18 whole

2408 2199 20 18 of
2433 2199 31 18 the
2473 2198 53 20 week,
2537 2198 59 21 owing
2604 2198 19 17 to
2630 2203 12 12 a
2649 2196 97 21 complaint
2754 2194 19 18 of
2780 2196 48 17 short
2838 2193 66 22 weight
2911 2192 54 22 being
2968 2192 1 27 ,

2409 2222 84 18 recorded
2502 2220 72 22 against
2582 2219 56 18 them.
2662 2219 17 17 It
2686 2217 90 22 appeared
2780 2217 41 19 that
2829 2223 24 11 on
2858 2216 73 19 sending
2937 2216 30 17 for

2411 2244 31 19 the
2450 2250 41 12 men
2503 2244 40 17 who
2556 2243 71 20 usually
2637 2242 84 21 adjusted
2728 2241 32 17 the
2773 2238 90 24 weighing
2878 2237 87 20 machine,

2411 2268 43 17 that
2460 2267 13 17 it
2483 2265 35 18 had
2526 2267 32 21 got
2563 2268 32 15 out
2603 2264 19 18 of
2630 2270 48 17 gear,
2687 2263 35 18 and
2731 2263 41 17 that
2785 2268 9 12 a
2804 2262 56 21 slight
2869 2261 97 21 deficiency

2412 2295 56 14 arose,
2477 2289 58 17 which
2544 2294 34 11 was
2587 2287 96 18 forthwith
2689 2289 32 19 put
2731 2284 56 22 right.
2818 2284 38 18 The
2865 2289 46 13 men,
2921 2283 34 17 how-

2412 2317 47 13 ever,
2469 2316 44 12 once
2520 2311 38 18 out,
2571 2309 80 18 declined
2665 2309 19 17 to
2699 2309 63 15 return
2773 2309 20 15 to
2800 2307 51 17 work
2870 2306 51 17 until
2936 2304 33 18 the

2413 2339 61 11 screen
2483 2337 37 11 was
2528 2330 109 21 readjusted,
2652 2330 15 17 it
2678 2329 56 20 being
2745 2328 69 19 alleged
2826 2334 24 11 on
2864 2328 46 15 their
2928 2328 41 20 pert

2414 2354 40 20 that
2460 2354 33 19 the
2500 2354 43 18 bars
2550 2359 31 12 are
2588 2352 54 19 wider
2649 2352 46 18 than
2708 2350 15 18 is
2735 2349 60 19 stated
2805 2350 18 17 in
2831 2349 31 18 the
2870 2348 34 18 law
2911 2348 58 18 which

2414 2378 91 22 regulates
2512 2376 39 19 this
2558 2378 72 17 matter.
2654 2374 38 20 The
2700 2380 40 13 men
2748 2380 32 12 are
2792 2373 43 19 bent
2844 2379 22 12 on
2877 2372 72 22 getting
2956 2370 13 18 it

2415 2400 71 19 settled.

2417 2437 27 12 AN
2456 2433 141 14 ARBITRATION
2608 2433 103 13 CONGRESS
2724 2433 50 12 SUC,:
2779 2432 61 13 ES:ED
2852 2432 39 12 FOB
2904 2431 58 12 SOUTH

2656 2454 73 12 WALES.

2440 2474 15 19 A
2656 2472 72 21 writing
2741 2472 21 18 to
2774 2471 32 18 the
2826 2471 17 15 11
2843 2471 8 15 -
2851 2471 51 15 ts'rrr
2919 2467 53 24 Doily

2419 2498 52 21 Moll,
2485 2497 61 19 makes
2559 2497 32 18 the
2604 2496 94 21 following
2711 2494 106 22 suggestion
2880 2492 28 19 To
2915 2491 58 20 estab.

2418 2522 35 17 lish
2460 2526 12 11 a
2478 2525 84 15 congress
2574 2518 100 21 consisting
2689 2518 19 18 of
2727 2519 21 17 24
2765 2517 145 22 gentlemen-12
2922 2517 20 15 to
2953 2516 22 17 be

2418 2543 69 18 elected
2493 2543 24 20 by
2525 2543 31 15 the
2564 2543 76 14 masters
2648 2541 35 17 and
2693 2542 21 15 12
2722 2541 25 21 by
2754 2539 32 18 the
2793 2541 83 15 men—to
2884 2538 57 17 w-horn
2949 2537 25 17 all

2419 2564 93 22 questions
2519 2563 20 18 in
2546 2563 71 21 dispute
2626 2563 46 17 shall
2685 2562 22 18 be
2721 2562 85 20 referred,
2819 2559 37 18 and
2868 2558 81 24 disposed
2956 2558 20 18 of

2511 2587 15 18 2.
2539 2585 48 18 That
2596 2585 21 17 12
2623 2584 19 18 of
2649 2584 51 18 these
2708 2583 100 24 gentlemen
2824 2583 46 17 shall
2884 2583 21 17 be
2914 2581 63 22 purely

2421 2609 159 19 disinterested-0
2588 2609 19 17 to
2616 2608 21 17 be
2646 2607 69 18 elected
2721 2607 24 22 by
2752 2607 31 17 the
2790 2606 81 21 masters,
2883 2604 40 18 who
2930 2603 46 19 shall

2421 2634 21 18 be
2450 2631 90 22 approved
2545 2631 20 18 of
2572 2631 25 21 by
2603 2630 32 18 the
2642 2635 47 17 men,
2698 2629 37 19 and
2741 2629 40 22 6by
2793 2629 33 19 the
2833 2635 41 11 men
2884 2629 19 17 to
2910 2628 22 17 be
2948 2633 19 15 ap-

2421 2655 65 21 proved
2493 2655 20 17 of
2526 2654 24 21 by
2561 2654 31 17 the
2601 2654 81 15 masters.
2715 2653 18 15 3.
2745 2653 38 17 The
2798 2652 52 17 other
2862 2652 21 15 12
2897 2653 20 14 to
2923 2650 22 17 be
2953 2649 17 18 in-

2421 2678 78 17 terested
2530 2675 19 18 in
2571 2675 31 18 the
2626 2674 57 21 staple
2706 2674 61 17 trades
2790 2674 19 17 of
2831 2673 31 17 the
2884 2672 94 17 district—

2418 2694 1 22 :
2424 2699 90 17 moderate
2542 2702 47 14 men,
2623 2696 11 17 6
2662 2695 46 17 from
2739 2700 66 17 among
2838 2694 31 17 the
2903 2699 27 11 ma
2935 2694 44 14 st.TF.

2422 2720 37 18 and
2480 2720 13 18 6
2515 2720 46 18 from
2584 2724 65 14 among
2672 2718 32 18 the
2732 2722 47 15 men,
2807 2715 44 18 each
2878 2717 58 20 party,
2960 2720 19 11 as
2983 2715 1 24 ,

2422 2744 69 21 before,
2513 2741 91 24 ratifying
2626 2740 32 19 the
2676 2739 84 20 selection
2784 2739 20 20 of
2822 2739 32 19 the
2877 2738 57 21 ether,
2959 2744 19 9 so
2983 2738 1 27 :

2424 2773 20 12 as
2452 2770 19 15 to
2479 2766 52 19 avoid
2539 2766 79 18 extreme
2627 2771 40 13 men
2675 2770 22 13 on
2711 2764 58 21 either
2776 2764 78 21 side.-1
2936 2760 17 22 ci
2953 2760 8 22 ,
2961 2760 17 22 nh

2426 2791 52 21 party
2486 2792 51 15 enter
2549 2789 39 19 into
2596 2796 21 12 an
2627 2791 103 18 agreement
2738 2790 20 18 to
2766 2789 52 19 abide
2832 2790 25 21 by
2864 2789 32 18 the
2904 2785 77 20 decision

2425 2812 19 18 of
2452 2812 31 18 the
2492 2817 90 17 congress,
2593 2812 37 17 and
2637 2815 19 14 to
2666 2812 63 18 defray
2740 2812 31 17 the
2786 2817 85 14 expenses
2880 2810 98 18 connected

2425 2835 94 17 therewith
2529 2835 18 15 in
2555 2835 31 15 the
2594 2833 104 20 proportion
2706 2830 19 20 ot
2735 2832 104 18 two-thirds
2854 2832 24 19 by
2890 2831 31 17 the
2936 2837 35 9 mas-

2426 2857 37 17 ters
2471 2856 35 17 and
2515 2855 91 18 one-third
2613 2855 24 21 by
2644 2855 32 17 the
2685 2855 86 15 men.-5.
2783 2854 48 17 That
2845 2852 38 18 this
2897 2857 85 17 congress

2426 2878 46 18 shall
2480 2878 21 18 he
2509 2877 93 22 composed
2610 2876 19 19 of
2636 2876 103 21 gentlemen
2747 2876 46 19 from
2802 2876 32 18 the
2845 2875 69 19 several
2929 2880 43 13 coun-

2426 2901 34 19 ties
2467 2901 20 18 of
2500 2900 112 21 Monmouth,
2626 2900 116 21 Glamorgan,
2758 2898 35 18 and
2809 2897 125 21 Carmarthen,
2948 2896 34 19 and

2427 2923 45 17 shall
2480 2923 24 17 sit
2512 2922 51 18 when
2571 2922 84 20 required
2662 2922 20 15 at
2691 2922 31 15 the
2730 2922 46 15 most
2784 2921 107 17 convenient
2902 2920 50 21 place
2963 2921 19 15 to

2428 2944 57 18 where
2493 2944 31 17 the
2532 2943 72 21 dispute
2610 2943 63 17 exists.
2695 2942 39 18 The
2741 2942 40 21 only
2790 2941 80 21 difficulty
2870 2941 8 21 -
2885 2941 9 18 I
2904 2947 28 12 see
2941 2941 15 17 is
2963 2941 19 17 to

2427 2967 31 21 get
2467 2966 78 18 suitable
2552 2972 40 11 men
2601 2967 19 15 to
2628 2965 46 18 form
2682 2970 12 11 a
2708 2965 116 21 satisfactory
2839 2969 89 17 congress.
2953 2963 30 17 Six

2428 2988 125 19 disinterested
2569 2987 102 22 gentlemen
2687 2988 19 18 to
2721 2988 31 17 act
2767 2987 28 19 for
2809 2987 31 17 the
2849 2987 74 17 masters
2930 2986 52 18 could

2427 3012 56 21 easily
2491 3009 21 19 bh
2520 3011 90 20 3btained,
2623 3011 44 17 such
2676 3015 40 12 men
2725 3015 19 12 as
2753 3009 31 18 the
2799 3008 111 24 stipendiay
2917 3008 54 21 magis-

2428 3034 57 18 trates
2493 3033 19 19 of
2520 3033 74 21 Cardiff,
2604 3033 89 21 Swansea,
2701 3033 34 17 and
2752 3033 89 20 Merthyr,
2850 3031 102 21 gentlemen
2965 3033 18 14 to

2428 3057 58 19 whom
2498 3057 31 18 the
2542 3056 81 22 working
2635 3061 40 12 men
2692 3054 19 18 of
2731 3054 37 19 this
2783 3057 76 19 country
2875 3059 41 17 may
2930 3052 53 22 fairly

2428 3080 35 18 and
2486 3079 46 22 fully
2555 3079 69 18 confite
2646 3078 47 19 their
2715 3078 91 18 interests.
2835 3077 38 18 The
2896 3076 87 21 difficulty

2428 3103 59 18 would
2504 3103 22 17 be
2542 3103 19 17 to
2578 3103 30 21 get
2624 3102 28 17 six
2668 3100 44 18 with
2724 3099 87 19 sufficient
2823 3099 115 21 intelligence
2949 3098 35 18 and

2430 3124 79 19 candour
2520 3125 20 17 to
2552 3126 30 15 act
2598 3124 30 18 for
2647 3124 31 17 the
2689 3129 47 15 men,
2748 3123 40 17 who
2799 3122 53 18 could
2864 3128 24 9 on
2898 3122 25 15 all
2935 3126 41 15 liues-

2428 3148 48 17 tions
2485 3152 43 15 cope
2536 3145 117 22 successfully
2661 3145 43 18 with
2712 3145 31 18 the
2754 3143 150 22 representatives
2920 3143 19 17 of
2955 3143 30 17 the

2428 3170 83 19 masters,
2519 3169 37 18 and
2567 3169 40 18 who
2615 3168 58 19 would
2680 3169 22 18 be
2709 3167 103 22 acceptable
2818 3168 20 17 to
2842 3165 56 18 them.

2575 3233 72 21 writing
2655 3235 20 17 to
2682 3234 31 17 the
2724 3234 52 17 iJeot,
2783 3240 18 9 in
2812 3234 53 20 Daily
2874 3231 53 18 11a1.
2934 3235 40 19 OP.
2981 3231 4 22 :

2447 3256 39 18 Our
2499 3256 106 18 association
2619 3256 32 18 has
2667 3255 44 19 been
2722 3256 97 18 tuccessfal
2833 3256 19 18 in
2869 3255 74 22 settling
2956 3255 30 18 the

2430 3280 125 17 ironworkers'
2564 3285 59 15 wages
2631 3279 18 17 in
2662 3279 85 21 England
2756 3279 77 17 without
2839 3279 104 21 disturbing
2955 3278 31 18 the

2431 3301 46 21 good
2484 3301 69 21 feeling
2559 3301 41 18 that
2606 3300 70 18 existed
2682 3300 80 18 between
2770 3301 77 17 masters
2854 3300 35 18 and
2897 3306 46 14 men,
2950 3300 35 18 and

2431 3328 20 12 as
2459 3324 31 18 the
2498 3324 85 22 majority
2590 3322 20 17 of
2621 3322 32 18 the
2666 3322 118 18 ironworkers
2792 3321 20 18 of
2822 3322 31 17 the
2868 3321 118 22 Principality

2431 3352 31 13 are
2473 3346 89 18 members
2574 3345 20 19 of
2609 3352 33 12 our
2656 3346 115 20 association,
2785 3352 26 11 we
2825 3352 32 11 are
2872 3345 81 18 desirous
2967 3346 20 17 to

2431 3374 51 17 carry
2491 3374 22 12 on
2522 3369 31 18 the
2565 3373 47 12 same
2621 3369 87 21 principle
2717 3369 18 17 in
2744 3367 61 18 Wales
2817 3373 20 12 as
2845 3373 26 12 we
2878 3367 24 18 do
2910 3367 17 18 in
2936 3367 38 21 Eng-

2432 3391 48 17 land.
2503 3391 35 15 We
2545 3397 32 9 are
2582 3391 69 20 willing
2659 3391 20 15 to
2685 3390 69 17 discuss
2761 3390 32 17 the
2799 3390 80 21 question
2890 3390 17 15 in
2916 3390 70 21 dispute

2432 3412 19 18 in
2459 3418 11 12 a
2481 3411 78 22 friendly
2569 3417 80 14 manner,
2657 3411 113 21 considering
2783 3411 41 18 that
2832 3411 37 18 this
2883 3411 14 17 is
2904 3411 32 17 the
2943 3411 44 20 only

2432 3435 73 18 method
2517 3435 24 22 by
2549 3433 57 18 which
2619 3433 31 18 the
2663 3433 77 18 interest
2751 3432 20 18 of
2781 3438 40 12 men
2835 3432 37 18 and
2884 3433 74 17 masters
2970 3432 17 18 is

2432 3457 40 19 best
2485 3457 99 22 preserved.
2608 3457 26 18 As
2647 3457 31 18 the
2689 3457 58 18 works
2754 3456 20 18 of
2786 3456 84 22 England
2883 3456 34 18 and
2930 3456 56 18 South

2433 3481 60 17 Wales
2507 3485 31 12 are
2554 3480 31 18 the
2601 3481 35 15 two
2650 3478 115 22 competitive
2777 3478 87 20 districts,
2878 3478 34 18 and
2923 3484 20 12 as
2956 3478 31 18 the

2433 3508 58 15 wages
2499 3502 19 17 in
2526 3502 31 18 the
2565 3502 60 18 North
2634 3501 20 17 of
2666 3502 83 20 England
2760 3507 32 11 are
2800 3502 52 15 much
2867 3501 64 18 higher
2942 3500 45 17 than

2434 3524 18 17 in
2467 3524 57 17 South
2538 3523 66 19 Wales,
2620 3523 15 18 it
2650 3523 14 18 is
2682 3523 30 18 the
2727 3523 76 18 interest
2818 3522 19 18 of
2854 3522 31 18 the
2898 3528 41 12 men
2952 3522 37 18 and

2434 3548 76 17 masters
2518 3547 19 17 in
2545 3546 31 18 the
2584 3546 59 19 North
2652 3546 20 18 of
2682 3546 85 21 England
2774 3548 20 14 to
2803 3544 52 18 make
2863 3544 31 18 the
2902 3550 58 17 wages
2969 3544 18 17 in

2434 3569 31 18 the
2473 3570 34 17 two
2516 3568 81 19 districts
2608 3568 74 20 similar,
2689 3568 19 18 in
2715 3567 52 19 order
2776 3569 19 15 to
2803 3567 52 18 make
2864 3567 31 18 the
2903 3567 74 21 competi-

2434 3592 39 18 tion
2484 3598 48 11 more
2545 3591 59 22 equal.
2631 3591 41 18 And
2686 3591 14 17 it
2715 3591 14 17 is
2744 3589 31 19 the
2789 3589 44 22 duty
2841 3589 20 18 of
2871 3589 32 18 the
2917 3595 39 12 men
2969 3591 20 17 to

2434 3614 45 18 level
2492 3620 28 15 up,
2529 3614 37 17 and
2578 3615 32 17 not
2617 3613 44 18 wait
2673 3613 30 18 for
2708 3613 32 18 the
2754 3613 74 17 masters
2842 3614 20 15 to
2875 3612 44 18 level
2930 3612 58 17 down.

2434 3637 72 21 Taking
2519 3635 106 24 everything
2637 3635 39 18 into
2689 3635 138 20 consideration,
2837 3634 31 18 the
2881 3634 77 22 position
2969 3633 20 19 of

2434 3659 31 18 the
2473 3659 119 19 ironworkers
2601 3659 19 18 of
2631 3658 58 19 &nth
2698 3658 63 18 Wales
2772 3658 15 17 is
2799 3659 32 15 not
2839 3663 19 12 so
2867 3658 35 17 bad
2910 3663 19 12 as
2942 3663 47 12 sonic

2430 3679 1 22 ,
2434 3681 59 18 would
2500 3681 45 17 have
2554 3687 21 11 us
2587 3684 19 14 to
2614 3681 74 17 believe.
2711 3680 38 18 But
2757 3680 14 18 it
2780 3680 14 18 is
2807 3686 24 12 an
2839 3679 98 22 important
2949 3679 39 18 fact

2430 3702 1 24 ;
2434 3705 33 18 the
2474 3704 123 20 ironworkers,
2608 3704 35 17 like
2652 3709 53 17 many
2713 3707 54 17 more,
2776 3703 45 17 have
2829 3702 93 22 neglected
2934 3702 45 17 them-

2430 3724 1 24 .
2435 3726 57 18 selves
2506 3726 20 18 in
2539 3725 43 19 time
2595 3725 19 19 of
2630 3724 98 24 prosperity
2741 3726 20 17 to
2773 3730 12 13 a
2799 3725 52 21 great
2865 3724 69 19 extent.
2956 3724 33 18 We

2434 3750 58 18 abhor
2503 3750 66 17 strikes
2581 3749 37 18 and
2624 3749 96 21 lock.onts,
2728 3749 34 17 and
2776 3754 31 12 are
2813 3748 110 17 determined
2933 3748 19 17 to
2960 3752 30 12 u-se

2434 3777 53 17 every
2500 3777 63 12 means
2578 3772 19 17 at
2611 3776 34 13 our
2659 3770 94 19 command
2767 3770 20 18 to
2803 3770 51 18 avoid
2871 3776 9 11 a
2894 3770 69 19 strike;
2976 3770 13 17 it

2435 3795 37 15 will
2480 3794 41 21 only
2530 3794 43 17 take
2585 3794 50 20 place
2643 3794 52 15 when
2708 3797 52 17 every
2769 3793 52 17 other
2829 3797 61 12 means
2902 3793 32 15 has
2946 3791 44 18 been

2458 3885 52 18 THE
2522 3883 107 19 DISPUTE
2646 3882 27 18 IN
2689 3882 52 18 THE

2750 3880 220 24 .SOMERSETSHIHE

1897 4672 28 17 On
1932 4671 85 20 Tuesday
2024 4676 12 12 a
2043 4670 79 20 meeting
2131 4669 19 17 of
2160 4669 32 17 the
2199 4667 98 18 Cleveland
2306 4667 47 17 mine
2361 4670 69 13 owners

1876 4695 37 19 and
1919 4695 91 18 ironstone
2019 4691 66 19 miners
2089 4696 38 13 was
2134 4689 46 20 held,
2186 4689 53 19 when
2244 4689 31 18 the
2283 4689 66 18 former
2356 4685 74 19 insisted

1877 4724 47 17 upon
1931 4717 32 19 the
1971 4715 93 20 reduction
2073 4715 19 19 of
2102 4715 32 21 I'4
2147 4720 32 18 per
2186 4715 46 17 cent,
2242 4711 18 18 in
2269 4716 65 19 wages,
2342 4709 34 19 and
2389 4709 41 19 hitt.

1878 4741 58 19 mated
1945 4741 39 19 that
1994 4740 14 18 if
2019 4740 32 17 the
2065 4744 39 12 men
2113 4737 66 18 wished
2190 4739 20 15 to
2218 4741 22 17 go
2249 4737 19 17 to
2280 4735 110 18 arbitration
2401 4733 31 18 the

1879 4763 98 22 employers
1984 4761 59 19 would
2052 4761 33 18 ask
2095 4761 30 17 for
2137 4760 38 18 still
2186 4759 72 18 farther
2272 4757 99 17 reduction.
2395 4755 38 18 The

1880 4792 39 11 men
1926 4791 32 12 are
1964 4787 20 14 to
1991 4783 41 17 hold
2041 4788 11 12 a
2060 4788 47 12 mass
2115 4781 79 21 meeting
2202 4782 20 14 to
2229 4780 100 17 determine
2336 4779 47 15 what
2391 4778 44 20 they

1876 4800 1 26 :
1880 4807 37 19 will
1924 4807 28 19 do.
1976 4807 15 18 A
2000 4805 57 19 strike
2066 4806 32 17 laas
2109 4805 38 21 just
2156 4801 85 20 occurred
2249 4804 19 15 at
2278 4800 87 19 Bolckow.
2375 4800 47 20 Vaug-

1880 4831 41 20 han,
1930 4830 35 19 and
1974 4830 48 19 Co.'s
2030 4828 65 19 works,
2104 4826 72 19 Witton
2185 4825 53 19 Park,
2248 4824 58 18 which
2315 4822 33 19 has
2356 4821 78 19 resulted

1883 4854 18 18 in
1909 4854 32 18 Eve
1950 4853 47 18 blast
2004 4852 85 18 furnaces
2096 4851 54 21 being
2163 4848 79 22 stopped.
2251 4850 37 15 two
2294 4846 20 19 of
2324 4846 58 18 which
2391 4846 45 17 have

1883 4877 43 17 been
1932 4876 59 17 blown
2000 4877 38 17 out,
2044 4873 35 18 and
2088 4872 51 19 three
2147 4871 77 21 damped
2232 4871 57 17 down.
2313 4867 97 19 Hundreds
2418 4867 19 18 of

1884 4904 39 12 men
1931 4904 31 12 are
1970 4898 32 17 out
2010 4897 19 17 of
2039 4896 50 17 work
2095 4896 20 17 in
2122 4898 126 17 consequence.
2271 4891 39 18 The
2317 4897 54 12 cause
2379 4891 19 17 of
2406 4890 31 17 the

1876 4911 1 31 '
1885 4920 54 19 stoke
1948 4919 15 19 is
1975 4918 60 19 stated
2046 4918 24 24 by
2076 4917 32 19 the
2121 4923 40 12 men
2174 4919 20 15 to
2206 4915 21 18 be
2242 4915 41 18 that
2296 4913 32 18 the
2340 4911 99 22 employers

1876 4935 61 72 linsist
1944 4950 24 13 on
1976 4950 11 12 a
1996 4945 71 20 greater
2075 4939 92 20 reduction
2180 4938 45 19 than
2232 4938 22 19 10
2263 4944 32 17 per
2302 4938 54 19 cent.,
2365 4937 18 18 in
2392 4930 48 25 their

1886 4968 57 18 desire
1950 4969 21 17 to
1978 4965 78 24 equalise
2063 4964 32 19 the
2102 4970 59 15 wages
2170 4964 20 17 at
2198 4962 73 18 Witton
2278 4961 50 18 Park
2336 4959 44 19 with
2389 4958 52 19 those

1886 4990 40 21 paid
1933 4990 20 17 at
1965 4989 32 18 the
2004 4988 53 18 other
2065 4988 65 17 works.
2153 4985 58 18 Other
2223 4984 48 18 blast
2283 4983 76 19 furnace
2369 4988 41 12 men
2421 4983 20 17 in

1876 5006 1 28 ;
1886 5011 97 18 Cleveland
1997 5015 31 13 are
2043 5009 96 21 disputing
2153 5009 31 17 the
2196 5007 100 18 reduction,
2310 5011 19 11 so
2340 5006 41 17 that
2394 5009 48 13 more

1876 5026 1 33 ;
1887 5035 83 18 furnaces
1978 5039 31 13 are
2021 5031 56 22 likely
2085 5034 20 15 to
2112 5030 22 18 be
2147 5028 83 25 stopped,
2239 5028 58 19 which
2306 5027 38 19 will
2355 5026 78 19 consider-

1876 5054 1 24 !
1889 5057 39 20 ably
1936 5057 65 19 reduce
2009 5055 31 20 the
2048 5054 53 20 make
2108 5054 19 20 of
2140 5054 45 19 iron.

3324 4789 24 11 on
3354 4783 60 17 loin
3415 4786 38 19 put.
3461 4785 31 15 tho
3501 4783 96 17 roo.olutiou

2634 3906 65 17 COAL
2709 3905 87 18 TRADE.

2458 3933 38 17 The
2504 3933 47 20 legal
2559 3933 104 20 argosy-etc
2672 3931 37 18 and
2721 3931 31 17 the
2760 3931 85 17 evidence
2859 3930 19 17 of
2894 3930 98 21 witnesses,

2435 3954 87 24 prepared
2537 3954 28 18 for
2578 3953 113 20 submission,
2712 3959 47 15 unix
2774 3952 38 18 this
2828 3952 77 21 dispute,
2917 3953 20 15 to
2957 3952 35 17 Mr.

2438 3978 70 21 Rupert
2517 3977 69 21 Kettle,
2594 3983 46 12 were
2649 3974 98 19 concluded
2761 3974 60 19 before
2833 3974 40 18 that
2888 3973 105 22 arbitrator,

2437 4003 20 15 at
2465 4000 31 17 the
2504 3999 61 18 Grand
2578 3999 58 21 Pump
2654 3999 58 17 Room
2725 3998 61 20 Hotel,
2800 3998 56 19 Bath,
2868 4004 24 11 on
2904 3997 90 20 Tuesday.

2438 4023 107 20 Altogether
2552 4020 110 22 unexpected
2670 4020 72 21 figures,
2752 4019 110 18 illustrattre
2870 4019 19 17 of
2895 4018 30 19 the
2934 4019 45 17 work-

2438 4044 31 21 ing
2477 4044 19 18 of
2503 4044 32 18 the
2544 4044 44 17 New
2596 4043 43 18 Coal
2653 4043 58 17 Mines
2721 4042 111 21 Regulation
2845 4042 41 20 Act,
2900 4046 46 11 were
2954 4046 41 11 con.

2438 4067 63 17 firmed
2507 4067 24 21 by
2539 4065 31 18 the
2578 4065 98 21 respective
2683 4065 126 17 accountants.
2828 4063 38 18 The
2874 4063 72 17 learned
2954 4069 32 14 gen-

2438 4089 69 18 tleman
2513 4088 91 22 promised
2616 4089 20 15 to
2643 4087 52 18 make
2704 4087 30 17 his
2741 4085 59 18 award
2819 4091 20 12 so
2852 4084 90 22 promptly
2954 4085 41 17 that

2439 4111 31 17 the
2478 4116 40 12 men
2526 4109 58 22 might
2591 4110 52 17 know
2659 4115 44 12 even
2715 4109 51 17 when
2778 4109 37 17 this
2826 4108 48 18 week
2883 4108 56 17 closes
2947 4108 48 17 what

2439 4139 31 13 are
2477 4133 31 18 the
2516 4139 39 12 new
2563 4137 58 15 wages
2629 4128 76 20 allotted
2714 4130 57 18 under
2776 4130 31 18 the
2815 4129 116 19 arbitrarion.

2585 3202 156 17 IRONWORKERS'
2757 3207 69 12 WAUES.

1206 405 105 38 THE
1348 403 293 40 EXAMr,L2,
1682 394 289 40 SATURDAY,
2010 391 116 35 MAY
2167 390 39 38 2,
2241 384 118 40 1874.
