3984 5386
1950 548 149 21 IMPERIAL
2121 549 200 21 PARLIAMENT.

1258 550 1 8 ,

110 570 92 26 FACTS,
226 567 136 25 FIGURES,
384 567 64 20 AND
470 566 129 21 FANCIES
622 566 40 19 ON
690 566 34 17 had
739 572 48 11 come
802 567 47 15 from
863 567 54 19 work,
932 566 32 17 the
977 565 28 17 obi
1018 565 43 17 with
1072 565 57 20 horny
1142 562 57 18 bands
1211 561 34 18 and
1258 561 32 21 I.as
1299 567 45 11 soar
1350 561 57 17 union
1414 566 40 11 men
1465 565 30 12 are
1501 559 60 18 bound
1625 557 53 21 Men:
1776 555 52 19 those

133 593 319 28 THEAGRICULTURAL
475 591 187 21 LABOURERS'
689 587 86 17 fnrrowed
782 588 45 18 face,
836 587 34 17 and
879 587 31 17 the
914 593 60 14 young
979 587 43 15 with
1029 591 74 15 enger.o
1109 592 18 8 ..s
1131 586 34 14 and
1173 583 72 17 11,-althv
1258 579 1 43 '
1271 582 40 18 nil
1311 588 14 14 s,
1331 586 66 13 master
1407 579 4 43 !
1434 581 34 17 We
1478 587 30 12 are
1522 582 32 15 not
1563 580 58 18 under
1628 580 31 18 the
1678 580 74 17 Lincoln
1773 579 54 17 roles.

135 621 152 27 LOCK-OUT.
689 608 56 17 looks.
754 608 25 18 all
785 609 71 20 waiting
863 609 28 15 for
900 613 32 12 our
939 608 71 18 comino
1018 607 34 17 911.1
1062 606 102 20 we.caing
1172 611 20 9 ns
1204 600 41 20 with
1258 605 48 15 !We
1315 604 65 21 belong
1388 606 20 13 to
1413 602 32 17 the
1453 602 86 17 National
1553 601 66 20 Union,
1626 606 27 13 we
1662 600 27 18 do.
1717 600 74 18 There's
1804 606 25 11 no

690 635 9 11 a
706 631 64 21 joyous
782 631 35 17 and
830 631 111 17 affectimat,
954 630 39 17 omit
1003 639 8 8 •.
1025 630 39 17 th,t
1074 628 8 18 I
1093 630 45 15 :mist
1147 627 41 18 COD(
1195 632 20 12 11s
1228 630 18 14 at
1272 626 44 18 each
1324 626 48 17 rides
1388 626 19 15 in
1427 631 33 12 our
1475 625 57 17 union
1594 624 74 17 Farmer
1680 620 2 32 :
1696 621 51 18 "I'm
1760 620 40 24 glad
1808 620 21 19 of

162 666 93 14 atiLTlSii
267 665 26 13 OF
305 663 98 15 liiC,RFOTAi
413 660 193 17 TExA:VP-FaltmEitO.
690 652 39 19 fir,t
736 653 65 22 pained
808 659 28 12 me
844 656 19 15 to
873 659 32 11 s..e.
933 652 66 18 I'the..l
1009 658 15 11 in
1032 652 25 18 -.1
1070 658 7 9 a
1085 652 35 17 this
1129 656 70 12 reason.
1206 650 40 17 that
1272 650 46 20 that,
1328 648 33 18 but
1368 647 38 19 atill
1414 653 35 17 you
1460 653 32 12 are
1500 650 32 15 not
1544 646 38 19 free
1597 648 70 20 agents.
1697 646 17 17 A
1721 645 26 18 lot
1755 645 19 18 of
1781 644 46 18 dele.

130 687 37 17 The
175 685 78 18 Norfolk
261 684 150 17 t^naist-fioniers
419 685 37 13 met
463 681 19 17 in
493 681 48 18 large
550 678 84 19 numbers
644 678 20 18 at
690 676 9 17 I
706 676 35 17 had
749 677 56 15 heard
811 677 41 17 that
860 680 19 12 ~,
879 680 9 12 ,
888 680 30 12 ,•q
925 676 52 15 th,,-.
985 680 28 11 are
1023 674 63 17 hid:,
1094 673 34 18 and
1135 673 31 18 the
1175 678 39 12 men
1227 678 19 11 as
1272 672 51 21 gate'
1332 678 22 15 go
1362 672 57 18 about
1427 670 31 19 the
1466 672 81 19 country,
1557 670 34 18 and
1604 671 28 15 set
1646 674 35 15 you
1696 670 72 20 against
1783 672 46 18 your

107 711 31 18 the
146 706 77 19 Norfolk
234 705 59 18 Hotel,
300 704 91 20 Norwich,
399 710 24 11 on
431 704 91 19 Saturday
530 703 43 15 last.
591 700 65 17 Sect-en
690 704 8 11 n
704 698 57 17 whole
765 704 48 11 more
819 698 94 17 cont.ntot
919 698 34 15 and
958 698 43 15 hD.
1009 704 7 8 I.
1022 698 41 19 kept
1069 697 45 15 than
1120 697 51 15 those
1176 694 71 20 Exiling
1272 694 105 21 employers,
1384 693 37 18 and
1427 693 46 18 then
1479 698 37 15 you
1527 692 46 18 ha,
1581 692 19 17 to
1615 691 56 18 strike
1678 690 52 18 when
1746 690 43 21 they
1795 689 32 18 tell

110 731 66 24 private
189 729 89 17 mettings
292 726 34 17 had
338 725 102 22 previously
451 724 45 17 been
509 724 47 17 held,
566 723 35 17 and
615 722 47 17 rules
690 720 34 17 and
738 720 24 17 its
776 719 65 21 might,
848 719 51 17 owle.
907 719 21 19 a,
940 719 9 15 w
950 719 47 15 10,.,
1013 718 31 17 the
1056 718 70 15 c.mtest
1134 717 39 15 first
1185 717 63 20 began.
1259 711 2 44 ,
1351 716 52 17 Men:
1478 717 69 13 master
1556 711 4 44 i
1572 713 41 17 that
1620 713 44 17 isn't
1672 712 20 18 it.
1709 712 17 17 It
1752 711 31 18 the
1788 717 39 12 men

107 755 60 19 drawn
180 756 24 18 up
215 750 28 18 foe
256 756 11 11 a
279 748 89 19 Farmers'
378 748 79 18 Defence
469 743 128 22 Association?
604 743 59 19 which
690 742 86 19 Business
784 741 112 19 commenced
905 743 20 15 at
932 745 50 17 once,
993 741 47 17 bent
1052 739 93 18 labourers
1157 738 45 18 have
1215 741 33 15 not
1259 731 2 43 ,
1273 737 40 19 who
1329 743 40 17 says
1385 737 52 18 when
1453 731 44 26 they
1514 736 50 18 don't
1576 735 54 18 think
1646 735 43 21 they
1708 738 30 13 are
1756 732 72 22 getting

110 780 13 18 it
131 776 33 20 had
174 775 43 18 been
231 771 9 20 ,
241 771 85 20 uggisted
341 770 64 19 should
419 770 22 19 be
449 769 69 20 fanned
527 769 28 18 for
566 768 33 19 the
606 767 58 19 whole
690 765 53 18 much
750 764 45 19 time
803 767 20 17 to
831 770 57 18 spare,
902 769 9 13 a
925 763 38 19 Mr.
977 763 53 22 Cope,
1046 762 47 19 from
1106 762 83 22 amongst
1199 759 50 19 their
1259 756 2 41 1
1273 761 77 20 enough.
1374 759 50 22 They
1433 758 89 24 delegates
1530 758 50 18 don't
1589 758 27 18 set
1631 763 21 13 as
1740 756 74 20 Farmer
1824 756 4 41 :

109 802 19 18 co
128 802 40 18 untr
168 802 9 18 y
177 802 11 18 ,
215 796 37 18 Mr.
265 791 86 25 .Leamon,
358 795 19 17 of
390 793 99 21 Whitwell,
504 791 81 22 prmdacil
599 793 20 17 at
632 790 32 19 the
690 789 54 18 midst
750 795 37 12 was
795 788 67 19 elected
870 789 20 17 to
895 788 30 18 the
932 787 57 18 chair.
1000 787 39 18 Our
1048 787 86 21 Agitator
1139 790 39 12 now
1182 784 64 21 began,
1259 778 2 41 '
1388 789 34 17 you
1427 782 52 19 know
1487 782 40 19 how
1535 782 9 18 I
1553 788 37 12 was
1596 782 33 18 left
1635 781 35 18 last
1678 781 79 18 harvest.
1780 778 48 18 That

110 822 74 19 meeting
193 824 21 11 on
229 817 96 21 Saturday.
333 816 38 18 and
383 816 19 17 in
413 815 32 18 the
457 820 64 13 course
528 815 19 14 of
560 814 26 15 his
599 813 65 21 speech
690 811 35 17 and
733 811 8 17 I
751 810 70 18 confess
829 810 9 18 I
847 810 76 18 listened
932 810 28 17 for
969 809 28 18 his
1004 809 80 17 remarks
1090 815 19 9 as
1119 809 8 15 I
1135 808 45 17 have
1188 807 60 21 rarely
1259 802 2 39 i
1273 807 58 17 shows
1341 807 48 17 what
1396 811 44 15 your
1449 806 56 17 union
1512 804 37 18 will
1557 804 27 17 its.
1616 804 45 17 How
1674 809 34 12 can
1723 808 35 15 you
1766 802 61 20 expect

110 841 79 21 attacked
202 841 32 17 the
247 841 48 15 town
308 840 20 15 of
339 837 129 20 Birminghnin
482 836 28 17 for
521 835 32 17 the
567 835 97 20 sylutilthy
690 833 77 17 listened
774 833 28 15 for
810 837 41 15 any,
860 831 33 17 inn
899 830 39 21 life,
944 831 86 19 however,
1037 829 58 18 which
1103 829 17 18 is
1127 828 64 20 chiefly
1196 828 52 20 spent
1259 831 37 22 Ino
1303 828 78 17 farmers
1388 829 20 15 to
1416 828 44 15 bear
1467 827 45 17 such
1517 827 77 15 things?
1624 824 34 17 We
1672 827 31 19 get
1714 829 12 12 a
1736 824 34 17 fine
1786 828 43 15 crop

110 867 32 20 and
150 865 39 21 help
197 862 14 18 it
227 868 14 11 Is
253 861 92 20 affording
352 861 21 17 to
380 860 32 17 the
424 857 103 18 locked-out
540 856 69 18 lab..or,
615 861 17 11 no
645 855 19 17 in
690 854 19 17 in
716 854 89 20 listening
813 854 20 18 to
840 853 66 18 others'
914 852 89 22 thoughts
1016 853 33 20 put
1062 852 39 15 into
1114 849 65 18 words.
1213 848 34 18 His
1259 854 38 20 ion
1303 849 31 17 the
1342 848 76 26 ground.
1427 848 35 17 and
1470 854 33 11 our
1512 843 58 25 year';
1577 847 64 20 profits
1649 846 69 21 depend
1726 850 22 11 on
1756 844 72 20 getting

110 887 72 21 Suffolk.
193 883 84 19 No-ilk,
291 882 35 18 and
339 880 164 21 Cambridgeshire.
528 880 30 17 He
572 879 37 17 said
622 878 41 17 that
690 875 79 26 opening
775 875 78 20 address,
861 874 90 21 however,
959 874 52 18 eased
1025 879 28 17 zip
1067 874 37 17 min
1109 873 12 17 I.
1153 870 28 19 He
1189 870 59 22 began
1260 870 30 18 ,it
1297 870 19 17 in
1324 870 72 22 quickly
1401 869 37 18 and
1442 869 46 21 well,
1496 868 35 19 ant
1539 868 38 22 just
1585 869 20 17 at
1611 867 31 19 the
1650 868 79 17 moment
1736 872 35 17 you
1779 866 50 18 leave

111 914 31 18 fire
149 911 77 18 thousan
234 888 4 44 I
247 906 86 19 children,
341 905 59 19 under
410 904 35 18 five
454 908 52 18 year.
514 902 19 17 of
546 906 38 17 age,
592 900 41 18 died
645 900 19 18 in
690 899 24 21 by
722 904 64 17 saying
791 898 41 18 that
840 898 22 18 he
870 896 35 18 had
915 899 31 15 not
954 902 48 12 come
1011 895 52 18 there
1074 898 19 15 to
1107 894 33 19 stir
1155 900 24 17 up
1195 893 53 18 strife
1260 888 2 44 I
1274 900 27 12 us.
1324 893 64 18 That's
1395 899 46 15 your
1558 891 43 18 Men
1610 888 5 44 :
1714 889 72 20 master,
1795 888 34 18 but

112 932 118 22 Birotinghasi.
246 931 35 15 last
295 933 48 18 year,
353 927 37 18 and
403 926 44 21 thae
458 926 31 17 the
497 925 93 17 condition
601 924 20 17 of
633 922 31 17 the
690 920 80 19 between
777 919 32 19 the
819 920 67 18 master
892 919 37 18 and
937 919 31 19 the
976 925 47 14 men,
1036 919 33 17 but
1082 919 20 17 to
1115 918 34 17 ask
1163 915 20 19 of
1198 915 51 18 these
1260 912 2 43 i
1273 917 56 17 we've
1337 921 11 12 a
1355 915 51 21 right
1414 919 20 13 to
1444 914 60 18 better
1512 913 97 20 ourselves,
1616 919 35 15 you
1664 913 60 20 know,
1740 912 35 17 and
1783 912 46 17 most

143 956 32 18 rin
183 953 41 18 that
237 956 48 13 town
295 957 37 11 was
340 954 57 13 wor,,e
410 950 45 15 than
469 947 39 18 that
517 946 19 18 of
549 946 30 18 the
587 945 77 21 agricul-
690 948 50 12 more
748 944 73 15 favoure
828 943 6 17 I
843 943 84 17 brethren
934 941 19 18 of
961 941 31 18 the
1002 940 33 19 soil
1043 946 12 12 a
1062 939 48 19 little
1119 939 41 21 help
1169 938 79 18 towards
1260 945 38 11 ion
1304 945 21 11 us
1335 934 51 21 made
1401 943 48 12 more
1460 937 35 18 last
1507 937 74 17 harvest
1597 937 45 17 than
1661 939 34 18 you
1714 933 67 19 offered

113 978 43 21 tuna
163 976 86 19 labour...
249 976 11 19 ,
283 972 39 18 The
332 972 69 20 Bishop
409 971 19 17 of
436 970 117 17 Manchester
560 966 65 19 shared
633 966 31 18 the
690 965 52 18 those
751 965 39 17 u-ho
798 965 35 17 had
846 965 45 17 beet
900 964 63 17 locked
971 965 32 15 out
1011 963 30 17 for
1054 961 64 22 simply
1228 961 20 17 to
1260 956 2 44 I
1274 960 77 18 Formic
1358 959 89 21 (singling
1459 960 32 17 out
1509 959 31 18 the
1558 958 113 21 spokesman)
1681 956 2 44 :
1780 956 50 17 what

115 1007 43 14 same
164 999 37 18 fate
208 1003 19 11 as
240 994 131 21 itirminglmso,
377 993 37 18 and
422 998 37 12 RUA
467 991 74 21 politely
550 990 39 18 told
596 989 25 22 by
627 989 37 17 Mr.
690 986 22 18 be
719 986 56 18 fete.'
801 986 27 18 Ile
836 986 58 18 r'sain
900 985 30 19 1..1
939 985 50 19 them
996 985 40 18 tint
1044 984 67 21 'luring
1119 984 32 18 the
1162 983 37 18 last
1214 981 35 18 few
1259 978 5 44 I
1274 983 31 18 dit
1323 987 37 17 you
1378 981 52 18 make
1440 984 7 14 t
1486 980 44 18 Man
1573 980 8 18 I
1602 978 52 19 made
1672 978 44 20 £ll,

116 1028 70 15 Leamon
201 1024 19 13 to
240 1017 63 19 nttend
319 1018 19 15 to
356 1016 28 18 his
399 1019 40 12 own
456 1013 84 17 business
557 1011 48 19 after
620 1011 44 18 this.
690 1015 52 15 years
750 1010 32 17 the
789 1010 56 17 Unioll
856 1009 35 17 had
900 1009 85 17 obtained
998 1009 28 17 for
1036 1006 48 18 then,
1100 1012 22 12 an
1139 1005 80 19 increase
1231 1004 19 18 in
1261 999 1 44 •
1276 1005 74 18 Farmer
1361 999 2 44 :
1449 1004 31 18 dhl
1487 1010 35 15 you
1535 1003 52 18 make
1683 1002 44 17 Man
1787 999 44 18 took

115 1050 9 7 o
131 1044 17 22 B,
148 1044 8 22 l
156 1044 26 22 tt'
203 1043 44 17 0.-.
250 1045 34 11 yes
304 1038 31 18 the
358 1037 92 19 1airaaai,,91,
450 1037 7 19 ,
457 1037 14 19 ,,
471 1037 8 19 ,
501 1035 84 19 .11orniao
605 1033 59 20 _Vey-,
690 1031 50 18 their
746 1037 59 15 wag.,
820 1031 22 21 by
853 1030 103 22 drafting
956 1030 32 20 off,
1002 1036 19 11 as
1033 1030 28 17 far
1075 1035 19 11 as
1114 1030 13 15 it
1147 1028 59 20 could,
1219 1028 31 17 the
1276 1028 30 18 the
1315 1028 73 17 harvest
1395 1029 20 15 at
1424 1026 35 17 12s.
1469 1032 22 11 an
1500 1031 46 12 acre.
1557 1025 34 18 and
1600 1024 74 18 finished
1683 1024 15 17 it
1713 1024 19 17 in
1744 1029 11 12 a
1767 1023 64 17 month

131 1069 18 19 ne
149 1069 47 19 ither
207 1062 120 20 Itr.linglaini
339 1065 34 12 nor
385 1059 32 17 the
431 1057 67 21 Bishop
507 1056 15 18 is
530 1056 56 21 likely
593 1057 20 17 to
622 1061 41 12 nto.
690 1054 72 21 surplus
770 1054 70 20 labour,
848 1052 37 17 ;Ind
892 1052 73 21 leaving
972 1051 44 21 only
1024 1050 71 22 miong,h
1101 1050 52 18 there
1160 1050 51 18 toils
1219 1050 31 17 the
1276 1050 35 18 and
1329 1050 52 17 three
1491 1049 86 17 Former:
1677 1045 63 18 hovel
1760 1045 13 19 I,
1788 1050 44 17 year

116 1094 32 17 lect
158 1089 45 18 their
215 1088 8 17 a
223 1088 18 17 :l
241 1088 18 17 .y
266 1084 7 15 f
276 1089 37 12 coon
328 1088 35 14 any
376 1082 9 17 r
385 1082 31 17 ear
423 1081 9 17 o
432 1081 9 17 f
455 1081 12 15 m
467 1081 12 15 g
478 1081 12 15 .
500 1078 17 18 &
516 1078 34 18 am
550 1078 34 18 .,
608 1077 26 17 As
645 1069 20 25 To
691 1076 54 20 work,
755 1076 35 17 awl
800 1076 67 17 receive
876 1081 9 11 a
899 1075 38 17 fair
950 1080 69 12 rema
1018 1080 18 12 ,
1002 1071 44 19 in.
1045 1074 38 17 ti-on
1096 1072 30 18 for
1142 1071 50 18 what
1206 1071 45 21 they
1261 1067 2 44 I
1276 1072 47 17 after
1330 1077 50 17 year,
1389 1071 54 18 asked
1452 1076 35 15 you
1495 1070 24 18 all
1528 1072 19 15 to
1554 1069 50 18 work
1611 1075 24 11 on
1642 1069 41 17 that
1691 1069 66 20 system
1795 1067 6 17 i
1804 1072 27 15 .e.,

116 1115 26 19 his
155 1110 65 19 seri.,
234 1109 63 17 ,dirge
309 1103 74 20 against
396 1108 33 12 our
442 1102 57 19 town,
510 1101 38 17 this
560 1098 104 22 gentleman
690 1097 38 17 did.
750 1097 28 18 To
785 1097 22 17 do
816 1096 28 20 thi
844 1096 9 20 ,
854 1096 98 20 ,hoivever,
960 1096 44 20 they
1012 1095 83 20 reiviirea
1103 1095 105 19 ni.sistanee,
1213 1094 37 15 and
1261 1089 2 45 i
1276 1095 63 18 taking
1346 1094 31 17 the
1387 1094 73 15 harvest
1466 1093 24 21 by
1496 1093 31 17 the
1535 1097 41 12 acre
1583 1090 70 18 imtead
1658 1089 20 19 of
1683 1089 116 20 coutnicting
1804 1089 28 17 for

116 1135 53 21 ought
175 1135 19 18 to
201 1131 35 18 kno
236 1131 12 18 ,
257 1128 41 18 that
307 1127 14 17 if
333 1130 50 13 some
390 1124 20 18 of
422 1128 33 13 our
469 1128 45 17 poor
524 1128 31 12 are
567 1122 32 17 not
612 1121 53 17 much
691 1119 14 18 it
713 1124 37 12 was
758 1119 28 17 his
795 1119 74 17 mission
879 1117 51 18 there
937 1117 41 18 that
991 1116 52 22 night
1051 1120 20 14 to
1087 1115 64 19 induce
1169 1115 50 18 them
1232 1115 19 17 to
1261 1109 2 47 1
1277 1115 31 18 the
1316 1115 57 18 whole
1380 1115 37 21 job.
1492 1114 64 17 havn't
1569 1119 41 17 you,
1622 1117 43 17 year
1676 1111 48 17 after
1735 1116 51 17 year,
1793 1109 39 19 said

118 1156 52 24 better
182 1156 24 18 off
217 1154 18 19 :II
242 1159 18 11 ,:i
273 1150 31 18 the
318 1147 120 25 agricultural
455 1146 99 21 labourers,
569 1143 15 19 it
596 1144 15 17 is
622 1142 43 25 only
691 1141 41 22 give
741 1141 41 19 that
788 1141 98 20 assistance
895 1140 107 20 themselves
1018 1140 37 18 and
1068 1139 87 19 influence
1162 1137 61 19 others
1232 1139 19 17 to
1263 1131 1 48 1
1276 1137 54 24 you'd
1338 1137 63 19 rather
1408 1142 24 18 go
1439 1135 141 25 Onnpontheold
1589 1139 73 19 system,
1670 1133 70 21 though
1748 1133 8 18 I
1762 1131 70 20 showed

119 1185 67 17 because
195 1179 39 19 they
242 1175 52 18 abuse
304 1173 31 17 the
343 1172 89 20 blessings
439 1169 45 21 they
691 1166 24 18 do
722 1165 32 18 the
762 1170 54 12 same.
850 1165 39 17 The
898 1163 58 18 battle
967 1163 58 18 which
1039 1168 35 12 wm
1091 1161 54 24 being
1157 1161 67 21 fought
1232 1161 19 18 in
1263 1156 1 45 I
1277 1167 34 17 you
1317 1161 25 18 by
1349 1161 66 21 figures
1422 1167 37 15 you
1466 1160 98 18 couldearn
1569 1165 47 12 more
1625 1156 124 24 moneyunder
1756 1156 32 18 the
1792 1161 40 13 new
1844 1156 1 45 ,

691 1187 78 18 another
776 1187 72 21 portion
857 1187 18 17 of
883 1187 31 17 the
919 1186 45 18 land
970 1192 35 11 was
1015 1192 9 9 a
1031 1185 80 21 glolious
1120 1191 40 14 one,
1168 1185 33 15 but
1214 1188 37 12 was
1277 1189 33 12 one
1383 1183 53 17 Men:
1524 1181 57 19 that's
1602 1182 40 17 true
1654 1180 77 20 enough,
1844 1178 2 31 I

169 1213 40 15 ISLE
221 1212 22 12 oF
256 1208 35 13 ELY
305 1206 100 14 i.iIfANBER
417 1206 27 12 OF
456 1204 155 14 AGRICULTURE.
692 1208 30 18 for
729 1208 78 21 nothing
815 1209 33 17 but
860 1208 50 18 what
925 1213 35 13 was
974 1207 56 21 right.
1064 1206 39 18 The
1121 1206 92 18 labourers
1222 1205 28 17 de-
1277 1206 109 17 —Former:
1470 1205 44 17 then
1527 1209 35 15 you
1578 1204 51 17 leave
1641 1207 27 12 me
1682 1206 34 13 ants
1729 1200 24 18 do
1766 1201 44 17 with
1822 1206 11 11 a
1844 1195 2 34 I

139 1235 24 17 Th
163 1235 12 17 e
182 1231 57 20 C.,,,,,t,
244 1226 86 22 tigeshire
338 1226 84 19 farmers,
429 1222 81 24 through
526 1221 31 18 the
565 1220 71 19 council
647 1219 19 27 of

692 1231 77 18 manaed
777 1231 41 18 that
824 1232 43 20 they
873 1228 189 21 shouldhaveenont•h
1070 1228 30 18 for
1103 1227 32 19 the
1143 1226 107 19 mcesmries
1277 1228 85 20 stringer
1376 1226 48 18 wind
1440 1232 35 15 you
1492 1225 86 18 WOulthit
1591 1225 24 17 do
1626 1224 44 17 with
1678 1228 28 12 tile
1714 1224 7 15 i'
1750 1222 59 20 Mind,
1824 1222 8 17 I
1844 1219 2 33 !

256 1250 45 15 diire
314 1246 35 19 rind
364 1246 35 18 Isle
407 1246 20 18 of
436 1246 35 19 Ely
485 1244 90 18 Chamber
582 1243 20 17 of
613 1243 53 21 A,gin.

123 1259 27 19 the
157 1252 64 24 Cambri
228 1252 17 17 i,
692 1253 19 18 of
719 1253 39 19 life,
771 1252 37 19 and
816 1259 46 12 were
870 1252 103 21 conibining
987 1252 28 17 for
1029 1252 59 20 titha
1095 1254 64 18 urpoe
1175 1248 37 17 awl
1224 1248 28 17 for
1277 1250 52 17 don't
1336 1251 51 15 want
1395 1251 19 15 to
1421 1248 45 17 keen
1474 1253 35 17 yon
1518 1247 65 18 font
1584 1246 44 21 oing,
1635 1246 31 17 the
1674 1246 39 17 best
1721 1251 34 15 you
1763 1251 34 11 can
1805 1245 30 17 for
1844 1239 2 39 '

124 1280 8 19 c
132 1280 59 19 ulture.
200 1277 35 17 ha-.•
248 1269 107 20 HAnauined
364 1270 32 15 not
404 1270 20 15 to
429 1267 71 18 discuss
508 1266 31 18 the
547 1265 120 21 agricultural

694 1276 77 21 nothing
780 1280 54 12 snore.
857 1274 26 17 As
895 1280 11 11 a
914 1274 52 20 class,
977 1273 28 18 for
1013 1278 54 12 many
1075 1278 52 15 years
1135 1271 64 18 hobo;
1206 1271 45 17 been
1277 1272 111 20 yourselves,
1402 1277 33 11 nor
1446 1271 43 17 dot
1500 1271 33 15 ask
1545 1274 35 17 you
1593 1271 20 14 to
1625 1269 40 21 give
1680 1273 24 15 up
1715 1272 45 15 your
1773 1266 61 18 Union

125 1304 76 19 lockout.
693 1299 33 20 put
735 1298 52 18 down
795 1298 35 17 and
837 1297 100 21 oppressed,
947 1296 37 18 and
990 1291 72 21 warned
1070 1294 40 18 that
1117 1293 15 18 if
1140 1293 21 18 he
1178 1292 34 18 hist
1219 1293 32 21 pat
1277 1292 67 19 tickets
1352 1292 15 19 if
1375 1298 34 17 you
1417 1292 53 18 think
1479 1298 35 15 you
1522 1298 30 11 are
1560 1291 60 18 b.:Der
1629 1291 26 17 off
1662 1290 19 17 in
1688 1294 12 12 a
1707 1289 67 18 Union.
1798 1289 37 17 But

146 1333 38 15 Tug
213 1328 56 15 PAIL.v
279 1323 122 15 TELEoudgit
406 1317 11 7 ~
439 1322 28 13 ON
480 1319 43 14 THE
534 1318 111 25 STRUGCLE.
694 1319 27 18 his
729 1325 44 12 nose
781 1319 69 22 ',eyes,'
862 1319 31 18 the
912 1318 60 18 smoke
985 1317 19 19 of
1016 1317 28 18 his
1058 1316 86 19 mother's
1157 1315 65 18 hearth
1231 1315 21 17 he
1278 1320 32 12 are
1317 1320 35 17 you
1364 1316 61 17 better
1436 1313 26 18 off
1470 1316 6 15 ?
1505 1313 58 18 What
1576 1313 45 22 good
1629 1312 15 18 is
1652 1311 31 19 the
1691 1311 61 18 Union
1760 1311 19 18 to
1787 1311 47 21 you?

149 1354 20 15 In
175 1356 20 12 an
203 1355 41 11 won,
256 1344 35 19 -Ode
299 1342 59 18 leader
366 1346 24 12 On
403 1341 32 17 the
446 1339 67 17 Exeter
529 1337 45 19 riali
582 1339 84 17 meetmo,
693 1343 59 18 amnia
762 1345 30 18 get
801 1342 100 17 swallosval
914 1348 30 14 up.
972 1341 18 17 A
997 1341 39 17 free
1049 1345 54 15 pry,s,
1116 1338 87 18 however,
1217 1337 35 17 and
1279 1337 8 18 I
1297 1337 52 19 know
1357 1343 35 15 you
1406 1343 39 12 met
1457 1337 41 17 read
1507 1337 31 17 the
1759 1332 4 37 :

129 1376 27 18 the
165 1371 48 20 Imily
226 1370 19 17 T.
244 1370 11 17 ,

261 1364 48 25 ,10,a,1a
318 1369 92 15 expresses
418 1363 24 17 its
451 1361 56 18 hlief
514 1359 40 18 that
562 1359 43 17 that
613 1362 53 14 meet.
694 1364 103 20 intelligeut
807 1369 46 14 men,
861 1363 41 18 who
917 1363 34 17 hml
966 1363 45 17 been
1028 1362 106 17 thenmelves
1150 1358 102 22 oppressed,
1278 1365 20 11 as
1311 1359 40 17 well
1363 1365 20 11 a=
1396 1364 26 12 we
1598 1356 5 33 :
1713 1356 15 17 is
1742 1356 67 20 always
1825 1361 11 9 a

169 1401 32 12 was
213 1396 8 5 -
227 1398 31 9 ote
266 1394 43 13 morn
317 1385 51 24 proof
376 1384 41 18 that
429 1383 32 18 the
469 1382 64 19 nation
540 1388 20 11 as
568 1387 11 12 a
588 1381 79 18 whole—
694 1393 46 11 were
749 1391 39 12 now
795 1385 65 21 telling
868 1385 50 17 them
926 1384 19 18 of
953 1384 31 18 the
992 1383 70 19 United
1070 1383 66 19 States,
1146 1382 19 17 of
1173 1381 78 20 Canaan,
1279 1376 5 40 '
1290 1382 72 21 lawyer'
1369 1387 65 15 among
1442 1387 35 15 you
1485 1382 19 15 to
1509 1381 41 15 read
1560 1380 31 17 the
1599 1376 235 24 newspapers—(laughter)
1846 1376 1 40 '

129 1416 8 25 ,
137 1416 33 25 spee
170 1416 17 25 .i
187 1416 8 25 n
195 1416 19 25 ny
221 1422 8 9 a
229 1422 8 9 .
247 1398 2 43 :
257 1410 52 18 Assisi
318 1408 85 20 together
416 1407 20 17 in
449 1411 33 12 our
494 1406 52 20 great
554 1407 113 15 tOWIIS—LIIIA
693 1409 20 18 of
722 1409 44 18 New
775 1408 85 21 Zealand,
875 1408 37 17 not
925 1413 45 12 even
983 1407 19 17 of
1015 1407 30 17 the
1057 1404 61 18 North
1131 1404 19 18 of
1160 1402 91 22 Euglana.
1279 1404 43 18 —to
1335 1403 43 18 such
1391 1409 19 12 as
1424 1403 48 18 can't
1486 1402 43 18 read
1543 1402 28 17 for
1585 1401 113 18 themselves.
1721 1400 52 20 Now,
1782 1398 8 17 I
1800 1398 37 17 like

126 1449 9 12 a
143 1444 58 17 strong
215 1435 24 25 ye.
239 1435 7 25 e
246 1435 48 25 .itily
304 1431 41 18 with
352 1430 32 19 the
391 1435 48 13 men.
452 1428 48 19 Four
509 1426 83 19 hundred
599 1426 69 22 pounds
693 1431 110 22 wheregood
808 1429 119 25 agricultural
938 1429 65 19 labour
1013 1428 15 19 is
1039 1428 52 18 much
1101 1426 83 22 required
1193 1426 37 18 inia
1238 1426 15 17 is
1278 1433 37 15 you
1323 1428 19 17 to
1349 1426 44 18 rem'
1400 1426 32 18 the
1440 1430 74 18 ropers:
1527 1424 33 18 but
1574 1424 50 17 don't
1638 1428 35 18 you
1685 1422 37 18 find
1730 1422 47 17 from
1786 1421 50 18 them

125 1470 41 13 wore
175 1462 59 18 collect.
240 1460 9 15 ,I
260 1459 26 17 for
294 1455 47 19 them
351 1454 18 18 in
377 1460 12 12 a
397 1454 34 17 few
444 1452 56 18 hours
508 1444 4 39 ;
521 1450 51 19 large
579 1448 89 22 subscrip.
693 1455 40 19 well
738 1454 50 24 paid,
795 1454 72 19 whence
874 1460 24 12 no
904 1454 84 18 labourer
992 1453 43 18 that
1042 1457 34 12 was
1084 1449 70 24 worthy
1160 1449 19 18 of
1185 1448 27 19 his
1219 1448 34 19 salt
1279 1449 41 19 that
1329 1449 64 18 labour
1401 1448 69 19 fetches
1480 1448 39 22 just
1532 1448 48 18 what
1593 1447 32 18 it's
1637 1444 64 22 worth,
1709 1444 38 18 like
1754 1449 30 18 my
1793 1449 44 13 coin

124 1488 44 17 ties,'
175 1489 40 11 W.,
223 1488 14 9 ,
247 1479 78 19 nounced
332 1483 22 11 on
363 1475 96 21 Thursday
467 1474 64 21 night:
543 1473 31 17 the
582 1472 86 21 Anode.,
694 1479 34 17 had
738 1483 43 11 ever
795 1476 91 20 returned,
899 1478 34 15 Lint
946 1475 59 18 where
1017 1474 102 18 thousands
1130 1474 19 17 of
1157 1473 48 17 them
1219 1472 35 17 had
1279 1474 37 17 and
1328 1473 67 20 sheep?
1423 1472 61 17 Wheu
1496 1470 67 18 there's
1577 1472 31 15 too
1619 1468 54 19 much
1684 1468 19 18 in
1715 1469 32 17 tae
1760 1467 76 20 market,

126 1506 53 20 mated
187 1505 52 19 Pawn
252 1507 25 11 ilii.i
286 1501 44 15 have
338 1500 53 19 given
398 1504 35 11 sine
442 1494 91 19 thousauil
546 1494 74 19 posouls,
632 1493 37 17 and
696 1500 51 17 mate
754 1500 45 15 unto
808 1499 107 17 therm-Ives
925 1498 59 20 happy
993 1496 48 17 little
1049 1496 67 17 homes.
1140 1493 113 21 (Applause.)
1279 1495 53 17 down
1349 1500 41 15 goes
1406 1493 32 18 the
1453 1493 47 20 price
1507 1489 5 37 ;
1532 1493 52 15 when
1599 1492 30 17 it's
1646 1495 65 12 scarce.
1726 1495 24 15 up
1761 1489 15 17 it
1789 1494 47 14 goes.

136 1530 14 17 th
150 1530 7 17 e
157 1530 14 17 ,.
178 1526 22 17 tr
201 1526 12 17 a
213 1526 12 17 m
233 1520 122 20 ~:ietii,four
359 1515 311 24 hunarodlstiaoilScach•Thereare
697 1521 71 20 HaVing
782 1520 31 21 Riv
813 1520 11 21 e
823 1520 11 21 n
849 1520 31 15 the
896 1519 9 17 s
906 1519 84 17 ubstance
1006 1519 18 14 of
1042 1522 8 9 a
1068 1517 64 21 speech
1144 1517 21 20 by
1179 1514 77 17 another
1280 1517 69 18 Wages
1362 1520 39 12 rove
1414 1519 66 15 iimong
1492 1519 37 15 you
1541 1513 63 17 Moro
1617 1518 37 14 you
1665 1511 56 18 hear.l
1729 1512 19 14 of
1755 1511 70 17 Unions
1832 1517 6 12 ;

126 1556 46 17 many
183 1552 66 13 remous
262 1546 27 17 for
299 1543 34 18 this
341 1541 74 22 feeling.
451 1539 21 19 In
481 1539 32 18 the
521 1539 39 17 first
573 1537 50 22 place
638 1537 32 17 the
697 1543 107 21 gentleman,
823 1547 33 12 our
873 1540 65 24 special
957 1539 138 22 correspondent
1246 1535 9 17 I
1280 1533 64 21 anilso
1352 1537 43 22 they
1403 1535 58 17 woula
1473 1540 40 12 now
1526 1534 77 18 without
1618 1533 70 19 Unions
1695 1532 15 17 if
1719 1538 48 12 more
1774 1532 64 17 labour

126 1572 66 25 peasant
201 1571 13 17 is
221 1573 18 12 at
253 1567 31 18 the
296 1572 43 15 very
347 1565 71 18 bottom
431 1563 20 18 of
463 1563 32 17 the
508 1560 57 19 scale;
574 1561 22 17 he
604 1559 67 28 excites
697 1572 35 11 was
744 1565 103 18 ItStolliSll,ll
860 1565 19 17 to
891 1571 28 9 see
932 1564 32 15 the
977 1563 51 21 uuity
1041 1561 19 17 of
1070 1560 67 21 f,,eling
1149 1559 37 18 and
1199 1559 56 17 deter-
1281 1565 35 13 was
1333 1559 71 18 wantea
1416 1559 45 18 than
1474 1564 38 12 was
1525 1558 19 17 in
1557 1558 32 17 the
1770 1552 2 45 :
1850 1552 1 45 1

124 1602 20 13 us
150 1599 52 15 envy;
214 1591 26 18 his
248 1597 17 11 in
270 1596 40 15 mey
319 1593 58 15 wages
390 1592 31 12 are
432 1585 97 19 miserably
544 1584 39 17 low.
592 1581 38 18 Rua
638 1581 31 17 the
697 1589 87 15 ruination
793 1586 97 22 displayed.
913 1586 24 17 At
945 1585 31 18 the
989 1585 47 17 close
1044 1585 18 15 of
1075 1584 31 17 the
1117 1583 117 21 proceedings
1245 1586 11 12 a
1281 1583 53 18 think
1342 1581 32 18 the
1382 1580 60 19 Union
1455 1580 37 18 will
1501 1580 44 21 keep
1556 1586 22 15 on
1586 1585 65 15 wages,
1665 1578 72 18 mister.
1747 1577 37 18 on.l
1792 1577 46 17 raise
1850 1577 1 38 '

128 1617 78 19 additions
219 1623 17 7 ~.
244 1611 51 18 batch
305 1610 74 18 boastml
387 1609 19 17 of
415 1599 34 37 11,1
457 1599 9 37 W
475 1599 26 37 are
511 1604 91 21 aeuertaty
608 1604 64 21 deirn-
699 1610 7 20 ,
706 1610 53 20 g0c,115
771 1610 74 15 nunsber
853 1609 57 15 added
918 1607 47 17 thcir
972 1611 63 13 UMW,
1042 1611 20 12 Ili
1070 1605 94 18 members.
1172 1604 34 17 and
1214 1604 43 21 paid
1284 1605 33 18 'ern
1330 1606 38 15 tom
1397 1604 81 20 Besia.,
1492 1603 15 17 it
1521 1603 50 21 helps
1584 1607 21 11 tis
1618 1604 19 14 to
1654 1606 22 15 go
1690 1599 53 18 north
1757 1604 21 13 or
1789 1599 48 17 leave

126 1641 35 15 dent
169 1643 21 12 ois
198 1637 28 17 the
236 1633 105 18 I,ollords
341 1637 21 13 or
373 1630 84 19 farmers'
472 1628 84 22 goodwill
568 1632 20 12 or
596 1626 76 21 caprice.
699 1632 47 18 their
757 1631 135 21 subscriptions.
914 1630 71 20 During
999 1629 31 17 the
1048 1628 83 22 speeches
1142 1626 67 17 several
1221 1631 35 12 em.
1283 1628 32 17 the
1329 1628 84 20 country,
1428 1625 35 18 and
1479 1630 20 13 so
1512 1624 52 18 thins
1577 1620 11 35 U
1598 1620 9 35 4
1618 1620 30 35 Mit
1661 1629 11 11 a
1684 1622 33 17 bit.
1748 1620 38 17 The
1802 1623 37 14 rest
1850 1620 2 35 I

125 1663 33 17 The
178 1658 58 18 nation
250 1643 2 37 I
279 1655 97 19 ,entiment
398 1654 15 17 is
436 1652 39 17 also
497 1650 34 18 due
555 1650 18 17 in
593 1655 12 11 a
621 1649 52 20 greet
699 1655 30 21 plo
729 1655 9 21 y
738 1655 32 21 ers
778 1658 44 12 were
836 1652 84 20 standing
932 1652 19 17 iu
963 1651 32 18 the
1009 1656 46 12 rear.
1063 1650 31 17 but
1102 1656 24 11 no
1139 1650 77 19 attempt
1224 1654 34 11 was
1284 1650 19 18 of
1317 1655 21 12 us
1355 1650 48 15 must
1422 1649 21 14 be
1462 1648 60 17 better
1694 1643 2 37 i
1734 1643 54 20 Well,
1805 1649 34 15 yon
1850 1643 2 37 .

124 1688 20 14 me
144 1688 52 14 asure
219 1684 18 12 to
256 1678 31 18 the
311 1676 89 19 excellent
418 1674 77 18 contact
515 1672 19 17 of
553 1671 32 18 the
602 1670 71 18 labour.
700 1677 50 17 /11R411•
767 1665 7 37 f
782 1665 7 37 0
797 1665 69 37 diritUr:o
879 1675 31 17 the
922 1674 119 20 ereeeeding,
1055 1672 34 17 anl
1106 1671 110 18 throsighont
1226 1670 32 18 the
1284 1675 48 14 most
1351 1670 56 22 judge
1424 1669 30 18 for
1473 1669 89 21 yoorselv,
1569 1675 7 11 s
1599 1668 81 17 whether
1697 1671 37 17 you
1753 1665 37 17 like
1809 1665 30 17 the

124 1713 25 13 era
180 1704 45 18 them
228 1702 60 18 ,i.es.
334 1700 52 22 They
419 1697 46 18 have
500 1696 44 17 been
579 1693 94 22 Peueeuble
700 1700 74 19 evening
783 1698 9 17 I
801 1698 28 17 did
839 1700 31 15 not
879 1697 43 18 hear
930 1702 9 12 a
947 1696 45 18 hard
1000 1702 19 11 no
1023 1696 25 17 otl
1056 1695 51 17 mail,
1115 1700 32 11 use
1154 1695 25 17 of.
1187 1698 33 11 nor
1228 1693 30 17 did
1284 1694 60 19 Union
1352 1694 60 18 better
1420 1691 45 19 than
1473 1697 35 17 you
1517 1691 35 18 like
1559 1696 31 17 my
1603 1689 72 19 service.
1703 1689 26 17 As
1737 1694 35 17 you
1780 1688 59 21 know,

123 1730 17 18 in
159 1728 22 18 all
210 1726 48 19 the:,'
289 1726 45 19 acts,
364 1722 20 20 an
384 1722 21 20 d,
436 1726 20 11 as
487 1724 11 11 a
531 1716 73 22 general
627 1715 46 22 role,
700 1728 9 12 a
718 1722 81 18 labounT
808 1722 71 21 present
892 1721 60 17 evince
965 1720 32 17 the
1009 1721 84 14 r.mot,t
1107 1717 13 18 Si
1120 1717 6 18 ,
1126 1717 28 18 Jll6
1162 1716 19 18 a
1192 1715 66 22 i.viog
1285 1716 38 19 rye
1336 1722 54 13 never
1403 1715 45 19 been
1456 1721 12 12 a
1475 1715 46 18 hard
1533 1717 73 18 master,
1615 1714 35 17 and
1659 1713 8 18 I
1676 1711 51 19 don't
1740 1710 52 19 think
1805 1716 33 18 yen
1851 1709 1 39 !

123 1754 43 14 most
187 1754 34 13 rem.
221 1754 8 13 -
229 1754 18 13 -,
254 1748 34 15 :ble
312 1747 19 15 in
353 1744 48 17 their
428 1741 142 21 representative
592 1741 80 19 oratory.
700 1746 35 15 hul
743 1747 31 14 too
782 1743 52 18 mach
842 1746 18 15 to
1284 1741 51 17 want
1349 1746 11 11 a
1375 1739 61 18 Union
1452 1741 19 14 to
1486 1739 70 20 protect
1571 1742 35 15 you
1622 1735 73 22 against
1714 1734 125 18 me—Men,

123 1774 38 17 lii;
169 1772 37 17 said
214 1770 21 17 Imp
244 1761 5 30 t
254 1769 21 18 ise
282 1773 58 15 angry
347 1766 100 21 employers
455 1768 40 12 now
502 1762 41 18 that
556 1761 47 20 they.
614 1761 60 20 object

814 1774 37 13 THE
863 1774 107 12 L.GaiCRERS
984 1773 34 12 ANT
1031 1773 38 12 THE
1081 1772 64 11 ',ION.
1351 1761 64 21 you've
1427 1761 66 19 always
1507 1760 71 17 treated
1593 1765 21 11 us
1630 1757 45 19 well,
1690 1760 78 17 master;
1786 1756 56 18 we've

123 1798 30 15 not
159 1800 18 11 so
185 1794 48 15 mud,
243 1796 20 11 t.,
270 1788 99 19 in.fiviOnal
383 1786 85 19 demanils
483 1786 30 15 for
528 1783 64 20 higher
608 1787 66 14 waves,

700 1815 22 14 ~.

1285 1783 77 28 n?thing
1376 1786 20 14 to
1411 1787 31 17 s•sy
1457 1782 72 21 against
1545 1787 40 15 yon.
1616 1780 98 18 Bothan
1729 1785 26 11 we
1772 1779 69 21 mayn't
1852 1779 1 53 I

123 1822 18 11 as
149 1818 18 15 to
177 1815 31 17 the
214 1813 93 18 ortaaisal
317 1809 81 18 societies
413 1808 19 18 of
443 1806 97 20 labouring
555 1811 47 11 men.
633 1806 38 14 But
1224 1796 4 37 :
1285 1812 67 14 envoys
1362 1806 44 15 have
1414 1809 34 17 you
1456 1806 20 14 to
1483 1804 40 17 deal
1532 1804 50 15 with.
1604 1802 35 17 We
1645 1806 41 17 nosy
1694 1802 47 15 want
1747 1806 33 12 our
1786 1800 57 18 onion
1852 1796 1 37 1

123 1839 47 18 other
178 1837 69 18 classe.,
260 1832 93 24 ,:specially
372 1832 51 15 thOSe
442 1827 80 26 engaged
540 1826 18 18 in
573 1826 73 20 owning
654 1831 21 12 or
700 1826 4 31 ,
731 1826 5 31 o
736 1837 6 15 ,
750 1839 6 6 ,

751 1837 6 15 t
757 1837 6 15 ,

759 1841 22 11 dt•
783 1835 7 18 oin
790 1835 90 17 condition
888 1835 19 17 of
919 1834 31 17 the
964 1832 113 22 1,41.k:110,r:a
1085 1833 90 15 Lbollrerfi
1186 1832 17 15 ii
1213 1832 46 15 lilo4
1285 1830 20 17 to
1312 1828 71 21 protect
1389 1832 21 12 us
1416 1826 44 18 then
1468 1826 73 20 against
1547 1825 69 20 50a114,0
1616 1825 8 20 ,
1624 1825 18 20 1y
1649 1822 59 17 ,vhoiS
1714 1822 51 17 hard.
1785 1822 58 17 Mere

123 1859 105 22 Claillaing
235 1858 47 20 lil.d,
294 1857 44 18 have
347 1853 48 20 their
403 1852 123 20 Associatuins
534 1854 20 13 or
568 1847 106 19 Chambers.

700 1859 93 18 ruiserable
801 1845 4 32 ;
816 1858 48 18 their
876 1858 65 18 homes
953 1863 26 12 we
1020 1857 45 17 than
1078 1860 22 12 an
1116 1854 89 18 Ashanti,
1222 1854 37 18 hot,
1286 1851 15 18 is
1310 1851 32 18 not
1350 1848 77 19 aliother
1434 1847 52 19 tra.h•
1494 1847 44 18 nib
1556 1848 14 17 it
1583 1846 25 19 its
1623 1846 61 18 Tolima.
1719 1845 48 22 Why
1779 1845 64 18 shoidd

124 1885 46 21 Why
178 1885 37 18 not,
228 1885 15 13 :-,,
255 1892 15 6 ..
282 1880 30 18 the
322 1878 51 20 teast
387 1876 67 22 helpful
463 1877 7 15 t
501 1872 50 22 Why
570 1872 65 18 should
650 1877 26 12 we

702 1883 59 15 whilst
772 1881 48 18 their
836 1880 94 18 miserable
943 1880 79 22 pittance
1035 1879 14 18 is
1065 1881 31 14 not
1109 1884 44 12 even
1165 1883 39 12 now
1212 1883 47 11 more
1286 1873 47 18 farm
1342 1872 92 19 labourers
1442 1873 32 15 not
1482 1871 21 18 be
1512 1871 25 18 let
1545 1872 20 17 to
1577 1870 84 19 combine
1675 1874 20 12 as
1703 1867 39 19 well
1760 1874 19 11 as
1791 1867 53 18 other

123 1909 32 15 not
162 1905 79 19 acknowl
260 1910 26 13 ,ge
294 1904 31 15 the
333 1905 83 19 pressure
423 1899 19 18 of
454 1898 28 18 his
493 1903 39 11 own
548 1894 70 18 fellows
633 1899 43 20 ona

702 1905 45 28 than
762 1904 15 30 tw
777 1904 7 30 ,
784 1904 40 30 ,ltte

834 1910 7 22 ,
841 1910 14 22 or
855 1910 8 22 ,
873 1904 79 28 tltirteen
967 1903 79 30 Ihillistos
1046 1903 8 30 ,
1065 1907 31 15 p.,
1108 1900 54 17 week.
1194 1900 17 17 It
1225 1900 13 15 is
1251 1905 9 11 a
1286 1896 63 22 people
1400 1894 74 18 Farmer
1481 1891 5 41 :
1560 1899 33 12 one
1606 1891 151 22 thing—because
1765 1891 80 21 farming

123 1935 44 15 poor
175 1928 53 18 laboor
228 1928 8 18 ,
236 1928 19 18 ,.
270 1925 32 17 vho
311 1924 32 18 has
358 1924 33 17 few
407 1924 90 14 resources
513 1919 53 25 iimitt
583 1917 48 17 from
647 1917 28 15 his

702 1931 71 12 canons
781 1931 35 12 ow,
824 1929 40 14 tom
873 1925 32 17 Ile
912 1926 116 18 agricuiturai
1036 1930 45 9 Col,
1089 1929 30 9 are
1127 1923 59 15 hater
1193 1922 41 21 paid
1243 1922 19 15 in
1286 1918 50 18 can't
1344 1918 21 17 be
1374 1917 70 18 carried
1452 1923 22 9 On
1487 1917 37 15 like
1532 1916 52 17 other
1597 1915 67 18 traria*.
1698 1915 50 21 They
1761 1915 45 15 lout
1814 1913 30 17 de.

125 1950 105 21 neighbours
240 1955 20 9 :a
268 1938 5 33 I
282 1946 90 17 comrades
380 1944 19 19 of
411 1943 31 19 the
448 1948 47 12 same
501 1941 46 17 class
554 1944 7 12 r
586 1938 18 18 Is
619 1938 21 18 he
656 1939 21 17 to

702 1950 31 15 the
742 1949 79 17 Midland
829 1948 35 17 aria
873 1948 91 15 Northern
973 1945 79 18 ceilidh,
1061 1945 44 17 tli:ln
1113 1944 19 17 in
1140 1945 46 15 most
1193 1943 67 17 others.
1286 1939 47 24 pend
1342 1945 24 12 on
1381 1938 32 18 the
1427 1943 83 13 seasons:
1522 1943 26 12 we
1564 1937 28 20 do,
1602 1943 19 11 as
1636 1943 34 15 you
1683 1936 53 17 know
1747 1942 44 15 very
1799 1935 45 18 well.

125 1975 38 17 face
171 1972 28 21 d:d
200 1972 9 21 l
209 1972 9 21 S
228 1977 12 12 r'
249 1958 5 37 r
254 1970 6 19 ,
260 1970 12 19 -1
272 1970 12 19 1,
292 1970 69 25 taead':
373 1967 12 18 1
385 1967 13 18 )
398 1967 26 18 61
432 1964 37 20 leek
469 1964 19 20 s,
501 1964 19 17 b'
527 1963 21 18 be
556 1962 58 18 exikl
624 1967 20 12 as
657 1967 20 12 to
703 1971 44 18 Who
761 1976 20 12 so
794 1970 7 18 I
815 1972 65 15 canntd
893 1969 44 20 tell;
948 1969 32 18 but
994 1975 11 11 a
1022 1968 118 18 conshinatiou
1153 1969 19 14 to
1183 1967 78 21 improve
1287 1963 53 19 Have
1348 1968 35 15 you
1391 1963 31 20 got
1429 1967 11 12 a
1447 1961 39 18 rule
1494 1961 20 17 in
1521 1965 46 17 your
1576 1959 53 18 union
1641 1958 57 18 which
1707 1958 35 18 will
1752 1958 60 18 insure
1817 1963 28 13 me

125 1996 80 18 intruder
214 1996 44 15 fr.,
268 1993 46 18 their
322 1990 110 24 mdmrings,
444 1988 35 17 Rail
487 1987 21 17 be
520 1984 94 22 suspected
622 1983 19 19 of
650 1983 27 18 ill.

703 1996 13 15 II
724 1996 25 14 eir
758 1994 91 17 conadion
859 1994 14 15 is
886 1993 52 21 Ming
951 1994 37 15 met
1000 1991 22 22 by
1030 1991 32 18 the
1075 1989 69 19 resolve
1152 1995 24 11 on
1183 1989 30 17 the
1222 1990 39 20 part
1287 1985 46 22 good
1342 1984 79 18 weather
1427 1983 28 19 for
1463 1989 30 17 my
1502 1983 72 18 harvest
1615 1982 43 18 Men
1667 1982 112 20 (laughing):
1811 1981 34 21 No,

125 2019 35 17 wiN
169 2020 6 15 ?
198 2016 28 19 All
237 2016 35 18 this
281 2015 21 18 he
311 2015 47 17 must
365 2013 66 18 endure
441 2010 14 18 if
467 2009 21 18 M
495 2009 46 18 elect
548 2009 21 17 to
582 2007 54 18 stand
652 2006 25 22 by

658 2022 7 11 -.
715 2017 48 17 Ille
772 2016 74 17 farmers
860 2017 31 15 not
899 2017 20 14 to
932 2015 71 21 outploy
1010 2020 34 11 any
1054 2014 81 15 lal,nr,
1143 2011 39 17 who
1193 2016 40 12 may
1241 2011 20 17 be
1289 2009 73 19 master,
1369 2007 50 18 taint
1526 2006 74 20 Farmer
1606 2003 4 33 :
1645 2004 39 18 You
1693 2003 53 19 know
1753 2009 20 13 as
1782 2003 38 18 well
1826 2009 19 12 as

123 2041 27 18 his
159 2041 65 15 master
233 2039 34 17 :a.d
276 2042 86 12 remance
371 2035 31 18 the
411 2034 64 18 Union.
503 2031 59 21 Apart
576 2030 48 18 from
639 2028 38 19 this

703 2046 9 11 a
723 2040 78 15 member
809 2039 18 15 of
835 2039 31 15 the
875 2037 115 17 Ussion.snch
997 2031 53 22 beisi,.:
1058 2036 18 17 ill
1084 2035 30 17 Do,
1123 2035 74 21 opinion
1205 2029 58 21 i(the
1289 2030 40 18 Ido
1336 2030 41 18 that
1394 2029 28 18 for
1429 2029 32 18 the
1476 2028 35 19 last
1527 2030 37 15 two
1578 2034 52 15 years
1648 2028 7 17 I
1671 2027 45 18 have
1730 2028 31 20 got
1769 2026 77 22 nothing,

123 2063 65 17 matter
197 2061 19 18 of
228 2061 102 17 s,ntiusent,
343 2057 30 18 the
384 2056 66 18 Unions
458 2054 46 19 offer
513 2059 47 12 some
574 2053 20 18 of
606 2053 32 15 the
645 2052 21 17 nd-

703 2061 98 21 employers
810 2061 100 17 inimicable
919 2061 19 14 to
945 2060 48 15 their
1000 2060 89 14 iuterv.t,
1098 2057 54 17 hence
1162 2056 19 17 in
1189 2056 31 17 the
1228 2055 34 18 di,.
1289 2054 24 20 by
1320 2053 37 18 this
1365 2053 47 17 farm
1421 2052 78 21 through
1508 2050 31 17 the
1639 2049 44 18 Minn
1691 2048 4 34 :
1728 2048 35 21 No,
1773 2049 72 19 master,

126 2087 81 21 vantages
216 2083 18 15 of
247 2080 84 21 .ularged
338 2080 65 17 benefit
411 2078 57 17 clubs.
490 2075 35 18 We
534 2080 31 13 are
573 2074 51 19 often
638 2074 38 17 told

703 2086 17 14 D
690 2070 1 35 ,
722 2085 33 15 iets
762 2082 71 18 alluded
841 2085 19 14 to
873 2080 169 19 thousaua
1023 2086 39 11 so'
965 2087 7 9 s
980 2087 31 9 are
1023 2080 47 17 n
1070 2080 63 15 10e10...1
1147 2080 31 14 oat
1186 2079 35 15 and
1233 2083 30 9 are
1289 2080 27 13 we
1323 2074 52 19 don't
1382 2080 76 14 suppose
1466 2080 34 14 you
1508 2073 52 17 have.
1560 2073 11 17 -
1597 2073 76 15 Farmer
1678 2070 4 35 :
1778 2070 41 17 look
1827 2073 19 14 at

126 2106 18 18 of
155 2106 61 20 village
224 2109 19 11 or
252 2105 57 24 ~state
317 2101 48 18 chills
372 2101 30 17 for
409 2100 31 17 the
448 2098 66 18 benefit
522 2098 20 17 of
553 2098 32 15 the
593 2096 84 21 peasants

690 2093 1 33 I
703 2106 102 20 dependent
811 2105 52 21 111,011
863 2105 31 21 th.:
904 2104 53 15 fonds
964 2104 20 15 of
990 2102 33 17 the
1030 2102 58 15 Uolul
1097 2101 6 15 '.'
1113 2106 13 11 •r
1129 2100 47 17 their
1182 2101 80 19 support.
1290 2096 35 18 this
1333 2093 5 33 ;
1349 2101 37 17 you
1393 2101 31 12 are
1431 2095 38 21 jmt
1479 2095 54 20 going
1541 2099 20 13 to
1570 2094 63 17 thrash
1644 2095 37 15 two
1695 2093 59 17 stacks
1769 2093 19 17 of
1796 2099 48 11 corn.

128 2127 54 25 partly
189 2125 107 24 mantoned
305 2125 22 21 by
335 2122 96 19 donations
448 2121 47 18 train
508 2119 48 20 their
572 2119 105 21 condoners.
690 2119 2 33 1

709 2128 30 17 out
749 2127 30 18 the
793 2126 96 18 assistant,
898 2126 19 17 .4
927 2126 53 17 tliose
989 2125 38 15 \Nile
1041 2122 45 24 ,1111
1085 2122 8 24 ,
1094 2122 56 24 ,thise
1157 2121 41 18 will,
1207 2121 57 18 them.
1290 2119 40 18 Yon
1338 2119 58 20 began
1406 2119 19 15 to
1433 2117 28 18 till
1469 2117 31 18 the
1509 2117 41 17 land
1559 2115 30 18 for
1597 2115 39 17 that
1645 2120 43 12 corn
1695 2117 20 15 at
1724 2114 122 20 Michaelmas,

129 2152 21 19 So
157 2151 26 18 far
191 2157 19 11 so
217 2156 22 17 go
248 2148 25 20 .nl;
285 2147 33 18 loot
325 2146 32 19 the
364 2146 110 18 misfortune
481 2143 20 19 of
511 2143 25 18 all
546 2141 44 19 such
605 2140 72 19 institit-
690 2137 2 35 1
707 2152 28 17 it:
750 2150 84 22 question
841 2148 17 18 is
866 2154 11 12 a
885 2148 63 22 sinaph.
958 2153 40 12 one.
1029 2143 53 22 Hitre
1089 2146 32 18 the
1129 2145 83 21 working
1224 2150 40 13 men
1290 2141 50 19 1872,
1363 2140 40 19 You
1413 2143 31 19 got
1452 2139 40 24 paid
1500 2139 31 19 for
1538 2145 45 17 your
1590 2138 65 19 labour
1662 2138 56 18 about
1723 2138 14 18 it
1746 2137 43 22 long
1793 2137 54 18 since.

129 2174 45 19 floes
182 2173 15 18 M
206 2172 46 19 thei,
260 2170 57 21 ridity
325 2170 34 18 011.1
369 2169 48 18 their
425 2172 71 13 nitrrow
705 2174 18 17 in
732 2174 32 17 the
778 2172 48 19 roma
841 2172 81 18 districts
932 2172 31 17 the
971 2171 51 20 rigid
1032 2172 20 15 to
1061 2170 84 20 organize
1156 2167 107 18 themselves
1290 2165 52 20 Now,
1351 2165 31 17 not
1391 2170 11 12 a
1410 2169 59 17 penny
1479 2165 60 15 return
1548 2163 45 17 have
1603 2161 7 17 I
1620 2161 34 18 hint
1662 2165 38 19 yet.
1730 2160 30 18 No
1766 2160 5 33 ;
1783 2160 8 18 I
1800 2161 48 17 must

208 2207 38 13 Tlli.
260 2204 136 14 liIIiNINoIiA,I
409 2204 78 13 TRADES
498 2203 96 13 CoUN,•IL.
691 2183 2 38 .
705 2197 45 17 with
758 2197 31 17 the
798 2196 44 17 view
850 2194 19 17 of
878 2193 85 20 brim:big
977 2193 48 18 their
1038 2191 89 19 inflin,ree
1134 2192 19 15 to
1161 2191 44 17 beer
1217 2196 47 15 upon
1290 2187 43 17 take
1357 2186 43 18 that
1426 2191 44 13 corn
1498 2185 39 18 into
1559 2185 31 18 the
1620 2185 71 17 market
1721 2185 43 15 next
1794 2183 54 21 week,

151 2228 35 17 The
194 2226 44 17 Com:
241 2237 7 4 ..
253 2225 28 15 :O,
286 2224 37 17 eof
333 2224 31 15 the
374 2222 126 21 Birmingham
509 2220 76 17 Tattles'
602 2218 76 19 Council
692 2205 1 39 i
705 2218 31 18 the
745 2217 65 18 landed
823 2217 110 21 proprietors
946 2216 35 17 :Ind
994 2215 83 18 farmers.
1087 2213 40 17 that
1135 2212 44 21 they
1191 2217 41 17 may
1244 2211 21 18 he
1291 2210 35 17 ana
1342 2210 20 15 to
1376 2209 52 17 make
1447 2209 13 15 it
1473 2213 34 15 pay
1519 2212 27 12 me
1558 2207 9 17 I
1585 2206 46 18 shall
1643 2206 45 18 have
1700 2206 20 17 to
1731 2206 28 20 get
1773 2206 19 17 at
1804 2205 47 18 lemt

135 2256 21 13 on
163 2248 78 21 Saturday
256 2248 40 19 tot,
317 2244 81 19 resolved
417 2245 20 17 to
456 2243 58 18 invite
529 2241 151 24 representatives
692 2225 2 44 I
706 2239 76 19 eimbled
790 2242 18 14 to
817 2243 70 13 remove
902 2243 48 13 some
958 2237 19 18 of
985 2237 31 18 the
1029 2237 104 21 grievances
1147 2235 43 21 they
1202 2235 64 17 labour
1290 2232 38 17 40s.
1350 2237 12 11 a
1384 2230 51 18 comb
1459 2230 28 17 for
1561 2229 6 21 '
1567 2229 12 21 ..
1579 2229 7 21 A
1598 2229 51 17 comb
1669 2228 14 17 is
1702 2228 43 17 four
1762 2225 87 24 bushels.]

136 2274 40 17 from
183 2270 22 19 all
214 2270 26 18 th..
248 2268 149 21 Lanafactories,
410 2267 65 20 works,
487 2265 35 17 ;mil
528 2265 52 17 ...the,
586 2263 96 19 establish-
692 2250 4 40 I
706 2263 63 18 under.
793 2262 18 18 It
819 2267 76 15 appears
902 2263 20 15 to
931 2265 27 12 me
966 2259 41 18 thnt
1016 2261 31 15 tise
1055 2257 57 19 tillers
1119 2257 20 19 of
1142 2256 31 19 the
1180 2256 33 19 soil
1220 2256 45 18 have
1311 2254 38 17 But
1357 2252 8 18 I
1375 2252 46 18 shall
1428 2252 45 17 have
1481 2255 20 14 to
1509 2251 41 18 take
1559 2251 43 21 only
1616 2251 37 18 Ills,
1669 2250 28 18 for
1706 2250 21 18 it.
1760 2250 19 17 It
1786 2250 15 17 is
1819 2250 30 17 the

136 2296 52 17 meats
195 2294 17 17 in
221 2290 126 20 Birmingham,
360 2291 20 17 to
387 2289 54 18 assist
451 2289 19 17 in
482 2289 32 17 the
529 2287 73 18 further
618 2285 63 18 colic-e.
693 2271 2 41 I
707 2284 80 18 received
801 2284 35 18 less
849 2282 67 19 benefit
931 2282 47 18 from
990 2282 32 18 the
1036 2281 91 21 improved
1141 2280 93 18 condition
1247 2278 19 18 of
1292 2282 48 12 sonic
1356 2276 45 17 with
1416 2281 30 15 my
1461 2275 60 17 beasts
1538 2275 34 15 and
1586 2278 30 18 my
1629 2272 59 22 sheep.
1711 2272 9 17 I
1728 2272 50 17 can't
1786 2271 65 18 reckon

136 2317 33 18 tion
176 2315 18 19 of
203 2315 18 18 th
228 2294 2 41 •
240 2294 2 41 ;
253 2314 28 17 :Id
291 2319 39 12 /UM
338 2313 54 21 being
400 2311 59 17 raised
481 2310 28 18 for
528 2310 33 17 the
576 2309 105 18 locked-out
693 2294 2 41 I
707 2309 31 17 the
746 2309 77 15 country
831 2306 45 17 than
885 2311 34 15 any
928 2306 53 17 other
989 2304 46 18 class
1043 2304 19 18 in
1069 2303 31 18 the
1108 2302 117 21 community.
1250 2302 18 15 If
1292 2297 116 20 beforelionl,
1415 2303 20 12 as
1443 2302 11 13 a
1461 2296 71 19 builder
1540 2296 64 21 might,
1612 2296 50 17 what
1669 2301 11 12 a
1688 2295 30 21 job
1724 2295 35 17 will
1766 2296 45 19 cost,
1817 2294 34 18 and

136 2340 86 17 labourers.
261 2337 20 17 Oe
289 2336 76 17 amount
373 2334 86 19 collected
468 2340 25 14 up
501 2335 20 15 to
528 2333 32 18 the
568 2331 44 17 date
619 2330 19 18 of
651 2331 31 17 the
694 2316 2 40 i
707 2330 32 18 the
755 2324 65 24 skilled
834 2328 93 18 labourers
941 2327 19 18 of
974 2327 35 18 this
1026 2331 77 17 COUI.Z.ry
1120 2326 34 17 liati
1168 2327 31 15 not
1215 2323 52 18 made
1292 2321 50 18 what
1349 2321 15 17 it
1372 2320 35 17 will
1416 2320 54 21 yield,
1479 2319 28 17 for
1515 2319 51 17 there
1574 2323 30 12 are
1612 2317 31 18 the
1651 2320 34 15 wet
1695 2316 34 19 and
1736 2319 9 17 t
1746 2319 21 17 he
1773 2316 21 22 dr
1794 2316 11 22 o
1805 2316 11 22 u
1815 2316 12 22 g
1827 2316 24 22 ht

136 2361 70 20 meeting
214 2366 31 11 wa,
260 2359 24 18 d
283 2359 21 15 ill
313 2359 25 15 IS.
346 2357 443 17 'Al.common
797 2356 53 12 cause
859 2350 45 17 with
912 2349 44 18 each
963 2349 53 18 other
1023 2349 44 18 inn.l
1082 2340 2 41 .
1095 2340 2 41 -
1114 2348 18 17 ef
1140 2354 33 12 our
1179 2347 87 18 branches
1292 2346 20 15 to
1320 2344 52 18 upset
1382 2342 24 18 all
1414 2348 31 15 soy
1453 2341 105 20 reckoning.
1587 2341 77 26 Neither
1680 2346 33 12 can
1727 2340 45 17 Ido
1783 2344 20 12 as
1815 2344 35 15 Roy

256 2386 35 12 .11F.
305 2383 100 14 LOCK•OUT
418 2382 22 13 Ti,
455 2381 99 14 VUFFOLK.
696 2360 1 41 I
709 2375 19 18 of
739 2374 84 20 industry
835 2374 44 20 they
891 2372 60 19 would
961 2373 45 17 have
1015 2378 22 11 n,
1049 2379 27 8 ...•
1088 2360 1 41 '
1100 2360 4 41 •
1120 2370 44 26 b..eu
1175 2370 33 17 but
1220 2368 47 19 little
1278 2360 4 41 ,
1293 2366 103 18 traileunan
1406 2363 59 18 would
1470 2360 97 20 do—nainc
1576 2362 27 18 his
1612 2362 47 22 price
1669 2362 34 18 and
1711 2361 60 18 refuse
1778 2362 19 17 to
1804 2361 48 18 work

155 2405 97 19 Stowmatio
260 2383 4 41 •
274 2404 31 18 has
319 2402 59 22 joined
387 2401 31 18 the
429 2400 53 19 other
490 2400 81 19 districts
580 2399 19 19 of
612 2398 72 19 soiroik
696 2383 1 41 ,
709 2399 60 17 better
782 2396 25 18 off
819 2395 46 18 than
878 2395 32 18 the
922 2398 102 20 peasantry.
1061 2394 14 17 ','.
1094 2393 7 14 •'
1117 2383 4 41 .
1144 2392 91 19 unionism
1252 2391 15 18 is
1278 2387 31 19 lif
1319 2387 22 18 he
1349 2388 66 17 cannot
1423 2387 53 17 make
1485 2386 27 18 his
1521 2386 48 21 price
1578 2386 30 17 for
1615 2386 31 15 the
1658 2385 37 21 job.
1729 2383 34 17 We
1775 2383 77 17 farmers

132 2430 32 17 and
171 2428 63 18 declare
242 2406 4 40 .
254 2432 27 12 tor
289 2426 30 18 the
328 2426 87 18 lock.ont,
425 2431 20 11 or,
455 2425 40 17 that
502 2430 25 11 on
534 2424 32 17 the
576 2424 27 15 Ist
611 2422 19 17 of
638 2422 44 20 May
696 2406 2 40 I
710 2421 44 21 deep
762 2419 61 19 rootea
833 2419 20 18 in
860 2425 33 11 our
901 2418 56 19 social
971 2418 50 17 imtit
1031 2422 11 12 o
1054 2406 1 40 .
1065 2406 4 40 •
1077 2426 13 8 -,
1143 2415 24 18 its
1176 2414 91 21 workings
1279 2406 2 40 I
1294 2413 47 15 most
1351 2417 24 15 go
1382 2415 22 12 on
1414 2411 34 17 wet
1455 2414 21 12 or
1485 2408 38 22 dry,
1532 2408 45 21 good
1585 2408 44 18 time
1637 2413 20 13 or
1667 2406 34 20 hail
1708 2407 56 19 home;
1776 2406 35 19 and
1825 2412 26 12 we

135 2452 56 20 nearly
203 2451 28 17 the
244 2448 53 17 t..17.01e
311 2450 67 20 comity
390 2447 20 18 of
423 2446 71 19 Suffolk
502 2446 37 17 will
552 2446 21 17 be
585 2445 57 17 under
652 2445 32 17 the
697 2430 1 43 !
710 2450 41 15 may
768 2444 21 15 he
806 2441 61 18 traced
886 2440 47 19 front
950 2440 31 18 th•
997 2446 25 11 0.1
1033 2446 13 11 2-
1082 2430 5 43 -
1106 2430 1 43 .
1116 2439 6 11 '
1140 2439 56 17 crafts
1211 2437 58 18 which
1279 2430 4 43 I
1296 2435 48 15 must
1349 2432 78 19 takethe
1431 2432 71 18 market
1511 2432 47 20 price
1566 2432 28 17 for
1603 2437 33 11 our
1642 2435 45 12 corn
1695 2431 34 17 nod
1736 2430 56 20 stock,
1798 2430 56 17 what.

133 2474 77 17 lock.mit.
231 2452 2 39 .
242 2472 44 15 eher
293 2471 83 17 comities
389 2470 47 17 have
443 2467 91 22 promism
541 2469 20 17 to
569 2467 61 17 follow
639 2466 44 18 snit.
697 2452 1 39 ,
710 2465 70 18 existed
788 2465 18 17 in
814 2470 53 14 every
880 2465 94 20 corponsto
986 2465 41 13 tow•
1045 2464 17 14 ~,
1075 2452 4 39 •
1121 2460 89 18 t.molorn.
1238 2459 32 18 All
1294 2461 41 12 ever
1344 2456 40 17 that
1393 2460 41 13 mar
1442 2454 31 18 be.
1473 2454 11 18 -
1520 2453 44 18 Men
1571 2452 2 39 i
1605 2453 40 20 V.,
1661 2452 57 19 that's
1730 2454 41 15 true
1780 2453 72 15 mmter.

135 2496 60 20 Nearly
204 2494 28 19 lia
233 2494 9 19 ,
242 2494 96 19 ,,iosiiits
345 2491 34 18 loft
390 2491 45 18 Emt
442 2491 72 17 Suffolk
522 2489 96 22 yesterday
625 2494 59 11 mono
697 2472 1 44 I
710 2489 66 15 C141,4eS
784 2486 19 18 of
816 2491 41 13 men
870 2485 46 18 have
932 2485 70 17 availed
1016 2489 13 12 ..:
1049 2491 22 8 ~..
1116 2484 38 17 .of
1167 2483 32 17 the
1211 2486 60 17 power
1296 2478 37 17 But
1338 2478 76 17 farmers
1422 2472 46 21 have
1476 2476 48 18 their
1532 2476 45 21 good
1585 2480 51 17 years
1645 2480 19 11 as
1674 2474 39 17 well
1721 2479 20 12 no
1759 2473 47 18 their
1818 2472 34 19 hol

136 2518 20 18 in:
174 2517 27 18 for
210 2496 4 40 I
221 2516 67 18 sion,.io.
312 2516 22 15 At
347 2513 105 22 Littleport.
464 2512 73 21 Climbs,
547 2517 11 13 a
566 2511 33 18 few
607 2511 78 18 farnm,
710 2510 60 18 which
778 2507 126 22 organization
918 2507 91 22 prOiiiice,
1019 2512 20 11 ..i.
1050 2506 19 17 iI
1082 2513 6 5 .•
1097 2512 14 9 .•.
1117 2506 30 17 :iot
1159 2504 111 18 understand
1296 2505 58 17 years,
1362 2499 37 18 and
1407 2504 33 12 eau
1448 2500 26 15 set
1483 2504 33 11 one
1525 2498 72 20 against
1603 2497 81 17 another.
1714 2496 33 17 We
1755 2496 43 21 only
1808 2496 46 17 hare

136 2537 39 21 6ve
185 2539 53 18 raised
256 2538 30 18 the
305 2537 85 19 lock-ont,
402 2537 37 17 and
455 2542 50 12 some
516 2542 41 11 liliin
573 2535 45 17 have
630 2533 54 18 aban.
697 2517 2 41 ;
712 2532 39 22 why
761 2532 14 18 it
784 2530 64 20 should
856 2531 22 18 be
886 2530 89 21 regarded
989 2530 22 17 :•111
1011 2530 9 17 ..
1020 2530 9 17 :•
1042 2543 7 2 ..
1061 2537 13 8 ~
1095 2543 7 1 ..
1124 2535 17 11 .71
1149 2528 32 18 the
1194 2525 77 19 agricult
1296 2528 33 13 our
1342 2522 65 18 labour
1421 2523 19 15 to
1453 2520 39 21 sell,
1499 2520 37 17 and
1544 2523 47 14 must
1599 2518 66 24 always
1674 2519 30 21 try
1710 2519 20 18 to
1739 2519 31 20 get
1776 2517 31 19 the
1815 2517 40 19 best

139 2563 46 19 hoard
195 2563 30 18 the
236 2562 58 18 union.
324 2561 39 17 The
374 2558 77 19 number
462 2559 20 17 of
498 2564 40 12 men
549 2563 24 13 on
586 2556 32 20 the
628 2556 58 19 union
697 2541 2 41 I
711 2557 31 17 tor
749 2555 12 18 il
776 2555 99 19 labourers,
888 2554 30 17 for
931 2552 15 18 if
959 2552 31 18 the
1006 2558 20 11 i...
1062 2556 25 12 :••
1104 2550 8 21 -
1113 2550 8 21 -
1121 2550 44 21 1,,1y
1178 2550 43 21 they
1234 2549 37 18 will
1297 2545 48 22 price
1354 2544 14 19 it
1375 2544 37 18 will
1420 2543 48 19 fetch
1475 2543 18 18 in
1500 2543 32 18 the
1734 2541 5 41 i
1830 2545 25 17 so,

136 2587 46 15 funk
190 2584 33 18 will
231 2590 19 15 p,
260 2583 57 21 .bably
325 2583 20 17 be
352 2582 78 18 aonbled
438 2588 24 11 on
470 2582 44 20 May
523 2582 33 20 Ist,
566 2580 79 21 through
656 2580 31 17 the
698 2563 2 43 ,'
711 2578 94 20 assuredly
814 2577 22 18 do
843 2576 48 18 their
905 2576 98 20 employer,
1013 2582 9 9 a
1044 2582 9 7 o
1082 2582 20 8 I._
1108 2563 2 43 .
1140 2574 17 17 It
1169 2578 41 11 men
1224 2577 47 17 upon
1297 2568 34 18 and
1341 2568 8 17 I
1356 2568 46 17 have
1410 2567 66 22 always
1485 2565 53 21 given
1545 2571 41 17 you,
1596 2564 35 18 nod
1639 2570 28 12 an,
1677 2563 54 24 ready
1740 2564 19 18 to
1767 2563 40 20 give
1819 2569 35 15 you

137 2614 32 12 new
177 2609 94 14 movement
280 2607 19 15 in
308 2604 125 18 Mia.Sulfolk.
698 2596 4 30 I
712 2601 70 17 sixteen
790 2606 21 11 or
820 2598 81 22 eighteen
911 2597 84 21 shillings
1003 2597 19 18 in
1031 2596 48 17 -----

712 2622 15 18 it
736 2622 76 18 difficult
820 2623 20 14 to
846 2621 52 17 make
906 2620 25 17 all
938 2620 45 17 ends
991 2622 46 13 ineet
1048 2624 11 9 o
1089 2623 19 11 •I
1123 2620 28 15 ost
1160 2617 21 17 he
1189 2616 31 18 the
1232 2622 40 12 con.
1374 2611 34 17 and
1421 2616 35 17 you
1469 2610 59 20 know,
1541 2611 74 19 mmter,
1629 2615 26 12 we
1668 2609 46 17 have
1721 2609 32 17 not
1760 2608 56 17 asked
1827 2608 31 17 for

684 2629 4 37 '
699 2629 2 37 I
713 2646 59 18 dition
781 2643 20 19 of
808 2643 51 18 these
867 2648 44 18 poor
924 2648 40 12 men
977 2648 48 15 upon
1038 2629 5 37 t
1043 2629 5 37 .
1048 2646 6 13 .
1059 2641 6 17 -
1065 2641 13 17 .1
1088 2629 2 37 -
1122 2647 7 4 -
1139 2640 80 18 thirteen
1228 2637 44 19 shil.
1297 2634 66 22 higher
1370 2640 66 15 wages.
1469 2633 45 18 This
1524 2633 14 17 is
1547 2634 32 17 not
1587 2631 31 18 the
1630 2636 64 12 reason
1702 2636 34 18 you
1744 2635 31 13 are
1783 2629 74 24 parting

713 2668 48 21 lings
775 2674 32 15 per
819 2667 56 18 week.
904 2666 19 18 If
930 2670 41 12 ever
984 2666 51 15 them.
1049 2670 6 9 V
1055 2670 7 9 .
1078 2654 4 35 •
1101 2669 19 11 .4`
1127 2669 37 11 ~,,
1179 2661 94 22 deserving
1297 2657 45 17 with
1350 2662 27 12 us..
1401 2656 50 21 Why
1463 2655 64 19 should
1541 2661 26 12 we
1580 2654 22 19 lie
1611 2654 64 19 turned
1684 2654 26 18 off
1721 2654 77 18 became
1809 2659 48 12 some

713 2692 31 17 the
754 2692 74 20 support
836 2689 20 17 of
865 2688 31 18 the
904 2688 66 22 public,
978 2687 38 19 this
1024 2687 47 18 do—.
1081 2676 2 35 ,
1094 2687 20 15 -..
1134 2693 8 9 ..
1153 2685 93 21 ~,,,,ealing
1254 2686 19 15 to
1298 2686 41 12 men
1355 2680 64 18 struck
1431 2680 28 18 for
1475 2679 64 21 higher
1552 2683 59 17 wages
1619 2679 19 15 at
1648 2676 72 22 Exiting
1769 2676 76 18 Farmer
1853 2676 4 35 :

715 2713 32 18 the
752 2713 72 17 various
834 2712 65 18 trades,
907 2711 59 17 whose
972 2709 50 21 0rnini,
1022 2709 7 21 ,
1029 2709 14 21 ..
1043 2709 7 21 ,
1050 2709 14 21 .•
1108 2699 1 32 •
1140 2714 7 8 ..-
1154 2708 21 14 be
1181 2706 93 21 employed
1342 2702 15 17 is
1363 2704 33 15 not
1404 2707 11 12 a
1423 2701 84 21 question
1515 2701 19 17 of
1546 2706 59 15 wages
1620 2700 80 17 between
1717 2706 26 9 us.
1770 2700 17 15 It
1799 2699 17 17 is
1826 2699 32 17 the

716 2735 19 17 in
742 2734 85 21 securing
834 2733 37 19 aid,
880 2733 8 17 I
898 2732 45 21 hope
952 2732 8 17 I
970 2732 46 17 shall
1024 2735 31 12 not
1068 2720 1 35 .
1119 2720 2 35 1
1127 2720 2 35 l
1140 2731 17 15 ie,
1166 2730 47 17 vain.
1238 2728 38 18 For
1299 2726 84 17 constant
1420 2722 115 22 uncertainty
1564 2722 37 17 and
1630 2721 93 18 irritation
1754 2721 19 18 in
1800 2720 59 18 svhich

716 2757 71 22 myself,
796 2757 7 17 I
813 2756 47 18 shall
867 2756 21 18 be
898 2754 41 22 glad
947 2756 19 17 to
974 2753 64 19 render
1048 2753 18 18 f•
1070 2743 2 37 ,
1082 2759 13 11 1::
1106 2752 22 18 al:
1137 2752 31 19 the
1176 2752 99 18 assistance
1299 2752 46 18 your
1380 2746 70 19 Unions
1479 2745 46 21 keep
1551 2745 32 18 the
1610 2744 84 18 farmets.
1727 2744 25 17 So
1773 2743 44 22 long
1838 2747 20 12 as

716 2780 9 18 I
1300 2776 35 17 you
1351 2774 31 12 are
1400 2769 19 17 in
1435 2767 31 18 the
1479 2767 60 18 Union
1551 2772 26 13 we
1590 2766 52 18 don't
1652 2765 53 19 know
1717 2765 59 19 where
1792 2771 27 13 we
1830 2771 30 13 are

1300 2798 21 13 or
1343 2791 45 19 with
1410 2790 58 19 whom
1491 2796 26 13 we
1539 2791 46 17 have
1607 2791 20 17 to
1649 2789 46 18 deal.
1719 2789 8 18 I
1750 2794 32 17 say
1799 2789 60 22 again,

1302 2816 41 17 that
1355 2819 20 13 so
1391 2813 43 24 long
1450 2819 20 12 as
1487 2813 41 17 that
1539 2812 45 18 lasts
1597 2818 26 12 we
1636 2812 21 18 do
1669 2813 32 17 not
1713 2811 41 19 look
1766 2818 47 15 upon
1825 2817 34 17 you

1426 2835 1 19 •
1461 2835 4 19 '
1495 2842 13 1 --
1519 2836 27 18 lc
1563 2836 47 18 aba
1648 2835 2 19 '
1682 2835 43 18 —ilk
1805 2835 54 18 Men'

2439 543 126 27 consumpeeoe
2572 547 21 20 of
2603 548 44 18 malt
2655 548 35 18 had
2699 548 44 17 been
2751 542 26 28 6.3
2785 542 9 28 i
2803 542 71 28 millions
2887 543 20 18 of
2916 542 78 19 bushels.

2440 572 27 15 He
2477 568 78 24 thong&
2563 570 40 17 filet
2611 569 45 18 vett%
2663 569 50 18 these
2724 569 64 21 figures
2799 569 14 15 it
2826 574 35 11 was
2880 567 39 17 safe
2935 569 19 13 to
2968 572 18 11 as-

2440 599 50 11 sume
2503 594 40 15 that
2559 593 33 15 Lod
2609 593 53 15 there
2675 593 45 15 been
2728 596 9 11 a
2748 592 72 15 smaller
2832 588 126 21 consumption
2973 587 21 18 of

2439 614 58 21 liquor
2505 614 50 18 there
2564 613 59 21 might
2634 613 52 21 have,
2692 613 45 18 been
2751 619 48 11 more
2812 612 65 17 wealth
2894 611 34 15 and
2944 614 50 12 more

2439 637 100 22 happiness.
2564 637 57 18 There
2628 635 37 21 hail
2673 634 65 20 dming
2746 635 31 17 the
2785 634 34 18 last
2829 637 35 15 two
2871 638 53 18 years
2933 632 44 18 been
2983 637 9 12 a

2438 659 51 24 large
2497 660 79 18 increase
2585 659 18 19 in
2617 659 31 19 the
2660 659 125 22 chnsumption
2793 658 20 19 of
2824 657 69 22 spirits,
2901 656 33 18 but
2942 654 51 18 there

2438 683 37 18 had
2483 683 50 19 been.
2542 689 19 12 as
2569 683 72 21 against
2655 683 43 20 this,
2712 681 41 22 only
2767 687 11 11 a
2790 678 138 24 comparatively
2941 678 52 17 small

2438 704 80 18 increase
2524 705 18 17 in
2548 705 31 17 the
2587 704 74 18 number
2666 704 22 18 of
2691 704 137 21 public-houses,
2835 702 34 17 and
2875 707 20 11 as
2900 699 93 22 compared

2438 726 44 18 with
2497 726 45 17 1869
2556 732 12 11 a
2580 725 81 18 decrease
2669 726 19 17 in
2696 726 31 17 the
2737 725 76 18 number
2819 724 20 18 of
2849 723 112 18 convictions
2974 722 19 17 of

2438 749 94 22 publicans
2548 749 34 19 and
2598 748 96 20 forfeiture
2709 748 20 19 of
2751 746 80 20 licenses,
2848 744 57 19 which
2922 743 71 20 showed

2438 772 41 18 that
2487 772 32 18 the
2526 772 77 19 conduct
2615 771 20 19 of
2643 771 50 19 these
2701 771 63 18 lionses
2774 770 35 19 had
2818 769 70 24 greatly
2895 767 97 24 improved.

2438 796 39 18 The
2485 796 72 21 general
2564 796 70 18 resolve
2641 802 38 11 was
2686 796 40 17 that
2734 795 31 18 the
2774 795 64 17 :sireets
2846 793 35 17 had
2890 793 44 17 been
2940 790 52 19 much

2438 817 71 21 quieter
2516 817 35 17 and
2559 823 48 12 more
2615 817 77 20 orderly.
2722 817 28 17 He
2764 815 79 18 ladieved
2855 815 40 17 that
2908 814 54 15 much
2973 813 20 15 of

2437 839 38 17 this
2490 839 130 21 improvement
2631 839 34 17 had
2680 839 59 15 arisen
2751 837 46 17 frosn
2810 836 32 18 the
2854 841 41 12 care
2908 835 53 20 given
2969 834 24 20 by

2438 861 32 17 the
2481 861 93 20 publicans
2588 863 20 14 to
2620 861 31 17 the
2663 860 78 18 conduct
2751 859 20 18 of
2784 859 48 18 their
2848 857 70 19 houses,
2933 855 35 18 and
2982 861 11 11 a

2438 882 46 22 good
2499 882 39 18 deal
2551 882 19 18 of
2583 882 31 18 the
2630 881 91 19 increased
2737 880 124 22 consumption
2876 885 38 12 was
2927 878 33 18 One
2973 880 20 15 to
3004 874 2 31 !

2438 906 31 18 the
2477 906 91 18 increased
2580 906 99 21 prosperity
2687 905 19 18 of
2714 905 31 18 the
2753 905 54 17 lower
2819 902 72 18 classes.
2920 900 19 19 If
2950 900 41 21 they
3004 895 2 32 I

2438 928 71 18 wanted
2522 931 20 15 to
2554 933 41 13 cure
2610 928 31 18 the
2656 927 35 18 evil
2705 927 20 18 of
2737 927 17 17 di
2758 926 104 18 unkenuess
2877 925 21 17 he
2914 922 78 21 thought

2438 951 44 21 they
2500 951 64 17 should
2581 956 22 17 go
2619 952 20 15 to
2653 950 32 17 the
2702 948 71 18 bottom
2789 947 19 18 of
2823 948 20 19 it,
2859 946 35 18 and
2914 946 41 17 that
2970 945 22 21 by

2438 972 96 22 providing
2551 972 60 18 better
2629 972 63 18 homes
2706 972 37 17 and
2757 972 60 17 better
2836 969 96 18 edueation
2950 967 43 21 they

2438 996 59 18 would
2504 994 24 18 do
2535 994 53 18 much
2595 993 78 19 towards
2680 993 86 22 effecting
2774 998 11 13 a
2793 998 28 17 pet
2825 996 73 14 nianent
2908 994 74 17 improve-

2438 1019 56 17 ment.
2516 1017 30 19 He
2554 1017 30 19 did
2593 1018 31 17 not
2637 1023 66 12 concur
2717 1016 46 18 with
2776 1016 32 18 the
2819 1015 43 18 hon.
2876 1013 80 17 member
2965 1012 30 18 for

2438 1041 77 17 Carlisle
2528 1039 34 18 and
2576 1041 66 18 others,
2657 1039 40 17 who
2709 1038 79 21 thought
2797 1037 14 18 it
2820 1037 59 18 would
2891 1036 22 17 be
2927 1036 39 17 well
2974 1037 20 14 to

2438 1065 41 18 stop
2493 1063 32 17 the
2541 1062 132 21 public-houses
2692 1061 103 21 altogether
2812 1064 24 13 on
2852 1057 90 21 Sundays,
2960 1056 33 18 but

2438 1084 22 17 he
2477 1084 30 17 did
2522 1084 67 18 believe
2606 1084 19 17 in
2640 1084 31 15 the
2686 1082 91 18 healthier
2791 1083 44 17 tone
2849 1082 40 15 that
2904 1085 35 11 was
2955 1084 26 15 mr-

2438 1106 67 22 vading
2517 1111 12 11 a
2542 1106 72 21 portion
2627 1104 19 18 of
2660 1104 32 18 the
2707 1103 83 21 working
2805 1102 72 20 classes,
2895 1102 39 15 who
2948 1106 46 12 were

2438 1128 99 22 beginning
2556 1129 19 18 to
2597 1128 78 18 exercise
2699 1126 47 19 their
2770 1124 87 19 influence
2881 1122 44 19 with
2947 1122 48 18 their

2438 1152 70 19 friends
2520 1152 35 18 and
2569 1150 61 19 others
2643 1150 19 19 in
2674 1149 53 19 order
2734 1150 20 17 to
2761 1148 48 19 show
2823 1148 43 19 that
2875 1147 13 18 it
2896 1152 38 13 was
2941 1152 12 12 a
2960 1146 26 17 dis-

2439 1180 53 17 grace
2505 1178 20 14 to
2537 1176 32 19 get
2581 1174 66 18 drunk.
2675 1174 18 17 It
2707 1173 65 18 should
2783 1173 20 17 be
2817 1168 122 20 remembered
2954 1168 41 18 that

2439 1196 89 22 although
2536 1196 13 17 it
2557 1202 38 11 was
2607 1201 41 17 easy
2656 1196 19 17 to
2685 1196 31 19 get
2724 1201 11 11 a
2743 1194 31 18 bill
2785 1193 70 22 passed,
2868 1193 14 15 it
2890 1198 37 9 NM,
2934 1193 32 14 not
2975 1196 20 9 so

2438 1225 44 14 easy
2490 1220 19 15 to
2516 1220 31 19 get
2555 1219 31 17 the
2597 1218 35 17 law
2644 1215 129 19 administered
2786 1215 52 17 when
2848 1214 14 18 it
2869 1214 73 17 became
2955 1213 40 17 law.

2439 1240 132 21 Consequently
2581 1240 14 18 it
2602 1239 80 18 behoved
2691 1239 50 18 them
2756 1239 19 15 to
2790 1243 30 12 see
2835 1237 80 17 whether
2927 1235 31 17 the
2969 1240 18 12 re-

2439 1265 41 14 cent
2487 1264 35 15 Act
2531 1263 35 17 had
2574 1261 45 18 been
2627 1261 54 21 fairly
2689 1260 35 18 and
2733 1260 83 21 honestly
2828 1258 70 19 carried
2909 1259 38 15 out,
2960 1256 35 18 and

2440 1285 44 18 here
2515 1285 21 18 he
2559 1290 37 12 was
2620 1284 60 17 bound
2708 1285 20 15 to
2751 1287 33 17 say
2811 1281 41 17 that
2881 1279 116 22 magistnites

2440 1306 37 18 had
2484 1306 51 18 often
2543 1307 52 20 given
2604 1305 146 22 interpretations
2759 1306 19 17 to
2791 1304 25 18 its
2823 1303 106 22 provisions,
2939 1300 58 17 which

2441 1336 46 11 were
2496 1329 110 21 conflicting,
2619 1328 34 18 aud
2666 1330 32 15 not
2714 1328 48 17 what
2778 1332 37 11 was
2830 1324 85 19 intended
2930 1324 22 20 by
2966 1323 31 18 the

2440 1351 119 21 Legislature,
2575 1356 20 12 or
2615 1350 58 17 would
2688 1350 22 17 be
2726 1349 71 17 decided
2813 1349 24 20 by
2855 1352 48 11 more
2922 1345 74 22 judicial

2441 1372 65 17 minds.
2529 1372 30 17 He
2567 1372 38 17 also
2613 1371 73 21 pointed
2693 1372 32 15 out
2740 1370 31 18 the
2787 1369 102 18 diffieulties
2902 1368 41 18 that
2962 1368 34 15 had

2443 1395 59 17 arisen
2510 1395 59 21 owing
2581 1396 20 15 to
2608 1394 32 18 the
2647 1394 61 21 option
2724 1393 52 22 given
2790 1391 31 18 the
2832 1390 46 19 local
2890 1389 109 19 authorities

2443 1417 19 18 to
2470 1416 46 19 close
2524 1416 31 19 the
2563 1416 60 22 public
2631 1416 64 18 houses
2708 1416 19 17 at
2740 1415 70 18 certain
2823 1414 59 19 hours,
2891 1413 35 17 and
2940 1410 59 18 stated

2443 1440 41 17 that
2492 1440 31 17 the
2530 1440 32 17 bill
2571 1437 86 24 proposed
2666 1440 20 15 to
2693 1437 25 18 fix
2730 1437 31 17 the
2769 1437 54 17 hours
2836 1435 24 22 by
2872 1436 76 18 statute,
2960 1434 37 17 and

2444 1465 32 15 not
2491 1462 20 18 to
2523 1462 52 18 leave
2588 1461 39 18 this
2641 1462 20 17 to
2676 1461 22 18 be
2712 1461 46 18 done
2765 1462 20 15 at
2793 1460 31 17 the
2832 1459 96 17 discretion
2936 1456 20 18 of
2968 1456 31 18 the

2444 1485 123 21 magistrates.
2589 1485 25 15 Of
2624 1488 63 12 course
2694 1482 31 18 the
2737 1482 60 20 object
2804 1481 19 18 of
2830 1481 32 17 the
2877 1480 122 18 Government

2445 1511 37 11 was
2490 1507 19 14 to
2517 1506 37 15 suit
2565 1506 32 15 the
2610 1505 119 17 convenience
2741 1505 19 15 of
2773 1504 31 15 the
2816 1502 60 20 public
2885 1501 61 17 rather
2953 1500 46 17 than

2444 1526 43 18 that
2493 1526 19 18 of
2520 1526 31 18 the
2559 1526 90 21 publican.
2673 1525 39 17 The
2715 1525 56 17 latter
2776 1524 35 17 had
2817 1521 96 22 suggested
2921 1521 79 18 uniform

2445 1547 53 18 hours
2507 1547 24 18 all
2539 1553 43 12 over
2590 1547 31 18 the
2629 1548 81 19 country,
2719 1547 32 17 not
2759 1545 76 21 looking
2846 1546 19 15 to
2872 1544 32 17 the
2915 1543 85 17 different

2445 1572 138 17 circumstances
2600 1571 19 17 in
2634 1570 85 18 different
2734 1569 58 22 places
2804 1566 5 25 ;
2829 1567 31 18 the
2878 1566 122 19 Government

2445 1593 35 18 had
2489 1599 50 12 come
2546 1596 19 15 to
2571 1592 31 18 the
2610 1591 104 19 conclusion
2722 1591 41 18 that
2771 1591 45 20 they
2829 1590 64 17 should
2904 1590 32 15 not
2948 1589 52 15 make

2445 1616 32 17 the
2484 1616 54 17 hones
2550 1616 84 15 uniform.
2659 1615 50 17 The','
2717 1613 30 17 did
2754 1615 32 15 not
2794 1617 74 17 propose
2881 1611 19 17 to
2911 1611 48 17 alter
2970 1610 31 18 the

2445 1638 71 21 present
2523 1637 56 18 hours
2587 1643 20 11 as
2614 1637 20 17 to
2647 1631 103 25 beersimps,
2767 1641 33 11 nor
2811 1635 31 17 the
2855 1633 46 17 hour
2911 1635 20 15 at
2943 1631 57 18 which

2445 1659 133 22 public-houses
2597 1664 45 12 were
2660 1657 67 24 opened
2746 1657 38 18 and
2802 1656 59 18 closed
2880 1661 22 12 on
2921 1655 79 21 Sunday.

2447 1682 22 18 In
2478 1682 80 19 London,
2568 1688 22 11 on
2604 1681 48 18 week
2661 1682 51 20 days,
2719 1680 32 17 the
2764 1680 69 20 closing
2842 1678 45 18 hour
2894 1682 35 12 was
2939 1676 63 18 twelve

2446 1704 73 20 o'clock,
2528 1704 34 18 and
2575 1703 51 19 there
2634 1709 45 13 were
2687 1702 65 24 special
2760 1702 76 19 licenses
2848 1701 53 21 given
2908 1702 20 15 to
2936 1698 65 22 special

2446 1728 65 18 houses
2519 1728 30 18 for
2555 1728 32 18 the
2595 1727 117 18 convenience
2720 1726 19 17 of
2751 1726 61 22 people
2818 1729 71 17 coining
2896 1722 47 19 from
2952 1722 48 18 then.

2446 1753 38 14 ties
2491 1750 37 17 and
2536 1750 52 17 other
2595 1749 58 21 places
2661 1748 20 18 of
2692 1749 118 17 amusement.
2833 1747 48 17 That
2890 1750 37 11 was
2934 1750 12 11 a
2953 1748 47 13 most

2447 1772 90 18 invidious
2546 1776 58 17 power
2611 1773 20 15 to
2640 1770 48 22 place
2700 1770 19 17 in
2732 1769 32 18 the
2771 1768 58 19 hauls
2835 1767 19 18 of
2865 1774 35 14 any
2908 1773 34 11 one
2950 1772 52 14 num;

2447 1793 34 18 but
2492 1793 89 21 although
2588 1793 74 18 Colonel
2675 1792 107 18 Henderson
2794 1791 34 17 had
2839 1791 46 15 done
2893 1788 31 18 the
2933 1787 40 19 best
2980 1787 22 18 he

2447 1815 58 20 could,
2519 1815 15 17 it
2542 1821 37 11 was
2587 1814 103 21 impossible
2696 1815 21 15 to
2730 1813 65 20 satisfy
2805 1817 93 15 everyone.
2921 1809 39 17 The
2968 1811 34 15 Go.

2450 1839 92 15 vernment
2550 1837 37 18 had
2595 1841 48 12 come
2653 1838 19 15 to
2683 1835 32 17 the
2727 1834 102 18 conclusion
2842 1834 20 17 to
2869 1833 24 17 its
2901 1837 51 15 away
2960 1832 44 17 with
3012 1832 4 22 I

2448 1859 15 19 au
2481 1860 50 18 these
2539 1859 116 21 exemptions,
2665 1859 34 18 and
2712 1860 20 17 to
2745 1858 52 18 make
2809 1857 31 18 the
2851 1856 45 18 hour
2903 1854 20 18 of
2934 1853 70 22 closing

2448 1884 19 17 in
2477 1884 74 17 London
2559 1883 97 21 uniformly
2665 1881 86 22 half-past
2758 1880 70 18 twelve.
2850 1878 22 19 In
2881 1878 31 19 the
2921 1880 81 18 country.

2450 1906 18 17 in
2477 1906 24 17 all
2510 1907 57 15 towns
2575 1905 19 17 of
2606 1911 47 11 more
2667 1904 46 18 than
2722 1904 61 20 10,000
2791 1903 118 18 inhabitants,
2920 1902 31 15 the
2960 1900 45 17 hour

2450 1928 18 17 in
2477 1928 30 17 the
2519 1928 31 17 bill
2558 1932 37 11 was
2602 1926 89 21 half-past
2699 1925 60 18 eleven
2767 1924 74 18 o'clock.
2854 1923 53 18 With
2914 1922 65 21 regard
2985 1924 20 14 to

2451 1950 52 20 night
2510 1950 65 17 houses
2582 1949 58 17 which
2648 1948 31 18 did
2687 1950 32 15 not
2728 1946 32 18 sell
2769 1945 119 20 intoxicating
2896 1943 109 22 liquors,but

2450 1978 46 11 were
2503 1971 74 18 allowed
2585 1974 19 15 to
2613 1971 45 22 keep
2668 1976 45 17 open
2722 1969 28 19 till
2764 1976 39 13 one,
2816 1969 14 18 it
2845 1975 37 11 was
2895 1967 57 18 found
2963 1965 41 18 that

2450 1995 43 21 they
2502 2001 45 12 were
2555 1994 56 21 really
2626 1995 30 17 the
2672 1994 57 18 resort
2737 1993 20 17 of
2766 1993 52 17 those
2835 1990 40 18 who
2887 1996 46 11 were
2940 1989 65 18 turned

2451 2019 32 17 out
2490 2017 20 18 of
2522 2017 30 18 the
2568 2016 137 22 public-honors.
2730 2015 17 18 It
2765 2021 38 11 was
2817 2013 86 22 proposed
2914 2011 40 17 that
2963 2011 41 21 they

2451 2040 64 18 should
2523 2040 46 18 close
2577 2041 20 15 at
2606 2039 31 17 the
2646 2043 47 12 same
2705 2039 46 17 hem
2757 2034 4 24 ;
2779 2037 32 17 bet
2822 2036 19 18 in
2856 2041 50 13 some
2919 2035 59 21 places
2992 2034 13 17 it

2451 2067 35 13 was
2498 2061 63 20 found,
2569 2067 20 12 on
2597 2061 19 18 in
2626 2061 48 20 large
2682 2060 80 17 districts
2771 2059 19 17 in
2806 2059 69 19 Wales,
2889 2057 32 17 the
2934 2056 45 18 hour
2987 2055 19 19 of

2451 2083 70 21 closing
2543 2088 37 12 was
2601 2085 33 15 ten
2656 2082 69 18 o'clock
2747 2080 71 19 instead
2841 2080 20 17 of
2883 2080 67 19 eleven,
2970 2078 35 17 and

2452 2106 19 17 its
2494 2106 50 17 those
2567 2111 50 12 cases
2639 2105 32 17 the
2699 2105 120 17 Government
2846 2101 31 18 did
2901 2104 31 14 not
2954 2100 53 17 think

2452 2127 44 22 they
2517 2127 58 22 ought
2596 2128 19 17 to
2637 2126 35 19 call
2694 2132 25 13 on
2746 2126 31 18 the
2805 2124 94 22 publicans
2921 2124 20 15 to
2963 2121 45 22 keep

2452 2157 45 15 open
2520 2157 22 12 an
2568 2150 45 18 hour
2642 2150 63 22 longer
2734 2148 45 18 than
2810 2147 44 22 they
2880 2145 78 22 thought
2980 2145 26 17 lit.

2453 2174 18 17 It
2479 2179 37 12 was
2529 2173 91 18 therefore
2631 2172 34 19 left
2679 2172 83 22 optional
2773 2172 20 17 to
2805 2171 51 18 those
2871 2174 74 17 persons
2956 2173 21 12 an
2988 2172 20 13 to

2453 2196 80 18 whether
2542 2196 44 21 they
2596 2196 59 17 would
2668 2196 44 15 take
2724 2196 32 15 out
2770 2193 73 18 license,
2857 2192 30 17 for
2898 2191 31 17 the
2939 2191 70 17 shorter

2453 2219 52 19 term,
2513 2217 35 18 and
2557 2217 37 18 this
2601 2217 45 21 they
2653 2217 52 18 could
2712 2217 24 17 do
2744 2217 19 15 at
2771 2222 9 9 a
2787 2215 94 18 reduction
2889 2213 19 17 of
2916 2219 11 11 a
2935 2211 73 19 seventh

2453 2241 19 17 of
2480 2241 31 17 the
2519 2239 66 18 license
2594 2239 51 21 duty.
2667 2238 17 18 A
2692 2239 52 21 great
2752 2237 69 21 variety
2825 2237 19 17 of
2852 2236 113 21 sug4estions
2974 2235 35 17 bad

2454 2263 45 17 boon
2507 2263 51 17 made
2567 2268 20 11 as
2595 2263 19 15 to
2626 2262 115 17 distinctions
2753 2261 79 17 between
2849 2258 84 18 different
2944 2256 65 18 classes

2456 2284 19 18 of
2481 2284 70 21 houses,
2559 2284 34 18 but
2601 2283 32 19 the
2640 2283 122 19 Government
2771 2282 33 18 hal
2813 2287 48 12 come
2870 2282 19 15 to
2896 2280 31 18 the
2941 2278 60 18 conclu-

2456 2308 39 17 sion
2503 2308 40 17 that
2551 2307 31 17 the
2590 2307 41 21 only
2639 2308 34 15 test
2682 2306 43 21 they
2740 2304 53 18 could
2802 2304 45 17 have
2855 2309 20 11 as
2883 2304 19 17 to
2911 2302 31 18 the
2950 2308 50 11 neces-

2458 2329 34 22 sity
2500 2329 19 18 of
2528 2328 52 19 those
2587 2328 81 18 districts
2676 2335 35 11 was
2718 2328 31 18 the
2757 2328 92 17 character
2855 2326 18 18 of
2878 2326 31 17 the
2917 2323 93 24 publicans

2457 2352 112 18 themselves.
2603 2350 53 18 With
2665 2350 65 22 regard
2738 2352 19 15 to
2771 2349 39 18 first
2817 2348 78 18 offences
2904 2348 14 17 it
2927 2353 37 11 was
2972 2352 30 15 pro-

2457 2374 53 21 posed
2519 2374 20 18 to
2555 2374 40 20 give
2609 2374 32 17 the
2655 2373 116 20 magistrates
2785 2378 12 11 a
2812 2370 97 17 discretion
2924 2374 20 13 as
2953 2368 59 19 lathe

2458 2399 72 20 penalty
2537 2395 58 18 which
2603 2395 43 22 they
2659 2395 30 18 did
2701 2396 32 17 not
2746 2400 39 13 now
2797 2399 81 18 posse.;
2890 2392 15 18 it
2921 2398 38 11 was
2973 2391 39 18 also

2458 2419 97 21 suggested
2561 2419 40 18 that
2608 2419 32 17 the
2653 2419 124 18 endorsement
2791 2418 19 17 of
2824 2417 76 17 licenses
2915 2413 64 19 should
2992 2413 20 19 be

2458 2441 80 22 optional
2550 2441 37 18 and
2595 2441 110 21 compulsory
2713 2446 20 12 as
2747 2443 20 15 at
2776 2441 78 20 present.
2888 2438 52 17 With
2948 2437 64 22 regard

2458 2466 19 15 to
2485 2465 31 17 the
2524 2464 123 18 adulteration
2653 2464 76 17 clauses,
2738 2463 15 17 it
2760 2467 37 11 was
2805 2460 86 22 proposed
2900 2461 31 15 not
2939 2460 19 17 to
2961 2459 52 17 allow

2459 2486 31 18 the
2498 2485 103 19 constables
2608 2486 19 18 to
2635 2486 51 18 enter
2693 2485 65 18 houses
2765 2484 58 18 under
2829 2483 31 18 the
2868 2481 45 18 wide
2921 2485 66 19 powers
2995 2479 19 19 of

2460 2510 32 17 the
2500 2510 61 18 recent
2569 2509 51 21 Acts,
2630 2509 33 17 but
2676 2510 20 15 to
2711 2509 32 21 put
2756 2507 15 17 it
2784 2511 43 17 very
2839 2504 53 19 much
2900 2506 20 15 to
2927 2504 33 18 the
2967 2509 48 12 same

2461 2532 78 22 position
2548 2537 20 13 as
2575 2531 15 19 it
2598 2537 35 13 was
2642 2531 57 18 under
2706 2530 32 19 the
2745 2530 30 19 old
2783 2530 40 17 law.
2856 2529 19 17 It
2882 2532 37 12 was
2927 2526 38 18 also
2975 2531 31 18 pro-

2461 2555 54 22 posed
2523 2556 40 17 that
2571 2559 73 17 persons
2656 2554 56 18 about
2719 2555 20 15 to
2751 2551 51 19 build
2813 2550 132 24 public-houses
2953 2549 64 18 should

2464 2580 20 15 be
2492 2577 76 18 enabled
2575 2580 20 15 to
2607 2578 31 20 get
2652 2582 9 12 a
2669 2576 109 21 provisional
2791 2575 52 18 order
2856 2574 28 17 for
2891 2574 81 19 licenses,
2985 2571 32 18 the

2463 2600 53 17 order
2523 2602 19 14 to
2554 2600 21 17 be
2588 2598 97 18 confirmed
2698 2604 22 11 on
2732 2597 48 18 their
2791 2596 81 20 showing
2880 2596 41 17 tint
2929 2595 43 21 they
2983 2594 35 18 had

2463 2622 86 20 comphell
2558 2622 44 17 with
2611 2621 30 18 the
2650 2621 132 20 requirements
2797 2619 19 17 of
2824 2619 31 17 the
2863 2617 73 22 justices
2948 2616 19 19 in
2979 2616 40 18 first

2464 2644 86 22 granting
2557 2643 32 18 the
2596 2642 128 19 orders.—Mr.
2735 2641 56 22 Alelly
2797 2647 44 17 gave
2846 2640 59 20 notice
2909 2640 43 19 that
2960 2637 22 20 an
2988 2639 31 19 the

2464 2667 65 20 second
2538 2667 76 25 reading
2621 2667 22 20 he
2652 2667 35 19 will
2695 2672 52 14 move
2760 2665 41 20 that
2816 2670 21 13 no
2844 2665 90 22 licensing
2941 2662 32 18 bill
2982 2661 37 19 will

2464 2691 22 19 he
2494 2692 115 21 satisfaetory
2617 2692 41 18 that
2666 2692 43 18 does
2717 2692 31 17 not
2756 2691 30 18 act
2800 2687 99 21 uniformly
2908 2693 19 12 as
2935 2685 86 22 regarded

2465 2714 32 18 the
2505 2714 54 18 hours
2564 2714 19 18 of
2591 2714 77 21 opening
2676 2713 35 19 and
2719 2713 71 20 closing
2797 2713 19 17 in
2823 2715 53 17 every
2884 2708 69 18 branch
2965 2707 19 18 of
2992 2707 31 18 the

2465 2737 117 17 trade.—Mr.
2600 2737 54 17 Pease
2670 2735 73 18 notified
2764 2735 26 17 his
2810 2732 91 20 intention
2911 2732 20 17 of
2949 2730 73 25 moving

2466 2759 123 18 amendments
2598 2765 20 12 as
2627 2759 20 18 to
2655 2758 77 22 pounces'
2746 2758 76 17 liCellSeS
2829 2754 37 18 and
2874 2756 64 17 houses
2946 2753 77 19 licensed

2467 2783 19 15 to
2494 2781 32 17 sell
2536 2781 52 17 drink
2596 2783 19 15 to
2627 2780 22 18 be
2666 2779 96 19 consumed
2770 2779 25 18 off
2806 2778 31 19 the
2850 2776 172 24 premises.—Leave

2466 2810 37 12 was
2516 2804 52 21 given
2575 2804 20 17 to
2602 2804 56 20 bring
2665 2804 19 17 in
2692 2803 32 18 the
2731 2803 39 21 bill,
2778 2802 35 17 anti
2822 2800 14 18 it
2845 2805 37 12 was
2894 2798 129 22 subsequently

2467 2826 43 17 read
2518 2826 31 17 the
2557 2826 40 17 first
2611 2826 50 17 time.

1916 596 84 18 HOUSE
2011 598 32 17 OF
2055 598 197 21 LORDS.-FRIDAT,
2265 598 52 21 April
2328 599 27 15 24.

1874 633 15 19 T
1890 633 31 19 uz
1932 627 125 24 TAIIINEsat
2069 627 130 19 Iswis.—The
2210 628 54 19 Duke
2275 628 20 18 of
2309 627 64 24 Argyll
2389 626 17 19 di-

1852 657 60 19 rected
1920 651 8 24 a
1929 651 17 24 tt
1945 651 8 24 e
1954 651 18 24 ,,
1971 651 8 24 ,
1980 651 37 24 tion
2024 653 19 15 to
2052 651 30 19 the
2088 658 63 17 papers
2159 652 58 19 which
2225 652 35 19 had
2269 652 44 19 been
2320 650 93 25 presented

1852 680 76 18 relative
1942 680 20 18 to
1976 673 37 22 t.'m
2027 673 69 19 famine
2111 674 19 18 in
2141 674 74 22 Bengal.
2229 676 35 17 and
2277 674 92 22 explained
2383 673 30 18 the

1852 707 90 12 measures
1951 700 58 17 which
2022 697 35 17 had
2066 698 44 17 been
2115 698 56 17 taken
2179 698 24 20 by
2210 698 32 17 the
2249 698 35 17 late
2291 698 122 17 Grovernnsnt

1853 724 19 17 in
1881 724 31 17 the
1919 723 66 17 earlier
1993 724 61 19 stag.'s
2062 718 20 18 of
2091 719 28 17 the
2128 719 91 21 calamity.
2236 719 30 18 Re
2274 719 38 18 said
2321 718 20 18 he
2350 724 35 9 wa.
2395 717 18 18 of

1852 745 74 24 opinion
1935 744 40 19 that
1983 743 63 19 affairs
2056 741 19 18 in
2085 741 58 22 India,
2152 741 97 22 especially
2259 746 20 13 as
2288 739 86 24 regarded
2382 739 31 18 the

1852 769 74 21 famine,
1942 768 37 19 had
1995 768 44 18 been
2054 764 130 20 tu:minitered
2199 763 57 25 justly
2271 763 37 19 and
2322 763 90 19 conscien.

1854 791 133 22 tiously.—The
2001 790 83 21 Marquis
2092 789 20 17 of
2125 788 94 21 Salisbury
2230 788 90 20 followed,
2327 787 37 18 and
2375 787 38 18 also

1853 815 54 20 spoke
1916 815 20 15 in
1942 816 57 14 terms
2007 813 20 17 of
2035 813 43 20 high
2086 811 59 21 praise
2154 810 20 18 of
2184 810 32 18 the
2223 811 61 17 action
2293 809 19 18 of
2323 810 31 17 the
2362 809 40 17 Vice-

1852 841 33 15 roy
1892 835 37 17 and
1936 835 52 17 other
1995 834 81 18 officials.

1942 876 85 19 HOUSE
2039 876 32 18 OF
2082 874 241 20 COMMONS.-FRIDAT.

1876 912 45 17 THE
1932 908 141 20 DISSCUFFION
2089 913 25 13 OF
2126 913 40 13 THE
2178 908 57 18 LATE
2245 908 145 18 PARLIAMENT.
2392 914 21 5 —

1854 933 35 19 Mr.
1899 933 83 18 Sinollett
1990 932 57 18 called
2055 932 90 17 attention
2159 932 20 17 to
2190 932 33 17 the
2229 931 67 21 abrupt
2304 930 107 17 dissolution

1854 956 19 18 of
1886 956 31 17 the
1930 956 39 17 late
1981 954 111 18 Parliament
2105 959 24 12 on
2143 952 31 19 the
2184 952 44 19 :Nth
2236 952 81 21 January
2327 952 41 19 last,
2376 952 35 15 and

1854 978 20 18 to
1885 978 31 17 the
1924 977 107 21 precipitate
2040 976 72 22 general
2120 976 77 17 election
2210 976 109 21 consequent
2330 973 81 20 thereon,

1854 999 35 18 and
1899 999 63 18 moved
1969 999 41 18 that
2019 998 19 18 in
2046 998 31 18 the
2083 998 73 21 opinion
2164 998 20 18 of
2196 998 31 18 the
2236 998 61 17 House
2308 997 32 17 the
2348 996 64 18 advice

1856 1024 53 20 given
1916 1025 20 15 to
1944 1023 31 17 the
1982 1022 65 18 Crown
2061 1020 24 22 by
2096 1020 32 17 her
2137 1020 93 21 Majesty's
2239 1019 35 18 late
2288 1019 93 18 Ministers
2393 1020 20 15 to
2424 1019 1 25 •

1856 1044 71 19 dismiss
1935 1044 31 18 the
1974 1044 34 17 last
2016 1043 110 18 Parliament
2134 1043 77 17 without
2219 1048 35 15 any
2262 1042 85 21 previous
2355 1046 46 11 warn-

1857 1068 32 21 ing
1896 1069 19 15 at
1923 1067 31 18 the
1962 1067 48 20 time,
2020 1065 52 17 when
2079 1064 44 18 both
2132 1064 71 18 Houses
2210 1063 37 19 had
2255 1063 45 19 been
2308 1063 104 18 summoned

1857 1090 20 17 to
1884 1090 47 15 meet
1942 1089 31 17 for
1980 1089 31 15 the
2019 1087 86 22 despatch
2117 1087 19 17 of
2148 1087 60 21 public
2216 1087 89 19 business,
2314 1085 35 17 and
2360 1085 52 17 when

1857 1116 24 12 no
1893 1115 107 17 emergency
2013 1109 35 18 had
2060 1109 60 17 arisen
2132 1109 20 17 to
2164 1108 33 17 call
2205 1108 31 18 for
2246 1108 44 17 such
2303 1113 12 11 a
2323 1109 45 19 step.
2378 1113 35 9 was

1857 1131 117 22 censurable;
1982 1131 41 22 and,
2033 1130 78 22 further,
2119 1130 41 18 that
2169 1130 31 18 the
2207 1129 106 24 precipitate
2322 1128 64 24 appeal
2394 1133 19 14 to

1858 1156 30 19 the
1896 1155 138 19 constituencies
2046 1156 109 20 consequent
2165 1160 24 12 on
2202 1154 44 18 such
2256 1153 109 19 dissolution
2376 1159 35 11 was

1858 1180 77 20 opposed
1942 1180 20 15 to
1970 1179 31 17 the
2009 1179 53 21 spirit
2070 1178 19 17 of
2098 1178 32 17 the
2137 1176 184 17 constitution.—Mr.
2330 1175 83 20 Whalley

1858 1200 87 19 seconded
1954 1200 31 18 the
1993 1200 133 18 motion—Mr.
2135 1199 99 17 Gladstone
2248 1198 83 21 disputed
2343 1198 31 15 the
2386 1202 27 11 a,

1858 1228 65 17 curacy
1931 1221 19 19 of
1958 1227 24 12 an
1988 1220 93 19 historical
2087 1222 99 20 retrospect
2194 1222 19 15 to
2222 1219 59 19 which
2288 1219 37 18 Mr.
2331 1219 83 18 Smollett

1858 1245 37 17 had
1903 1245 70 17 treated
1981 1245 31 17 the
2020 1244 67 20 House,
2096 1244 35 15 and
2139 1241 110 18 condemned
2261 1241 28 18 his
2296 1241 91 21 language
2395 1241 19 17 in

1859 1266 86 21 speaking
1955 1266 19 18 of
1982 1266 31 18 the
2020 1265 76 18 motives
2104 1265 58 18 which
2167 1265 35 17 had
2209 1265 86 17 actuated
2300 1264 31 17 the
2337 1264 35 17 late
2380 1264 24 15 Go-

1858 1290 96 17 vernment
1962 1289 19 17 in
1985 1287 74 21 making
2069 1292 22 12 an
2100 1286 64 22 appeal
2171 1287 20 17 to
2198 1286 31 18 the
2235 1286 81 21 country.
2329 1285 30 18 He
2366 1285 39 18 chid-

1858 1311 65 20 lenged
1932 1311 35 17 Mr.
1974 1311 85 17 Smollett
2066 1311 20 15 to
2092 1310 35 17 rise
2135 1315 19 11 in
2161 1309 27 17 his
2196 1309 50 21 place
2254 1309 34 17 and
2295 1313 32 15 say
2335 1307 81 17 whether

1859 1332 24 18 he
1890 1332 79 18 adhered
1981 1333 20 17 to
2011 1332 32 18 the
2054 1331 71 22 epithet
2269 1330 58 18 which
2342 1330 22 18 he
2380 1330 37 17 had

1859 1355 71 21 applied
1938 1357 19 15 to
1965 1356 37 15 him
2011 1355 44 20 (Mr.
2065 1354 112 19 Gladstone),
2189 1354 35 15 and
2232 1358 22 11 on
2264 1352 40 17 that
2313 1352 103 24 gentleman
2424 1351 1 25 I

1860 1376 90 22 declining
1955 1378 20 17 to
1982 1377 60 19 accept
2050 1376 32 17 the
2091 1375 99 21 challoige,
2196 1374 104 18 denounced
2306 1374 28 17 his
2340 1374 77 17 conduct

1860 1400 19 17 in
1892 1398 97 18 withering
2001 1398 61 17 terms.
2092 1396 28 19 He
2128 1396 44 19 then
2184 1396 48 19 went
2246 1402 22 13 on
2277 1396 20 18 to
2308 1396 65 21 justify
2386 1396 32 15 the

1860 1421 109 22 abruptness
1977 1422 19 17 of
2010 1421 32 17 the
2054 1420 109 17 dissolution
2176 1419 21 22 by
2207 1419 30 18 the
2250 1417 80 24 peculiar
2343 1417 64 18 circum-

1861 1446 71 17 stances
1941 1447 32 14 out
1981 1443 19 18 of
2008 1442 57 19 which
2073 1442 15 18 it
2096 1448 56 15 arose,
2167 1441 35 19 and
2211 1441 69 21 argued
2288 1441 20 18 th
2314 1441 13 17 it
2336 1441 83 17 however

1861 1467 126 18 inconvenient
1996 1466 31 18 the
2035 1465 107 18 dissolution
2158 1465 58 21 might
2229 1463 46 18 have
2283 1463 44 17 been
2336 1463 14 17 it
2360 1462 59 18 would

1861 1489 46 17 have
1919 1488 46 18 been
1980 1487 90 20 infinitely
2081 1493 50 11 more
2143 1487 125 15 inconvenient
2276 1487 19 15 to
2302 1485 90 17 have•had
2399 1486 20 15 to

1861 1511 78 17 dissolve
1952 1509 112 17 Parliament
2072 1508 20 17 in
2099 1508 32 17 the
2138 1507 66 17 middle
2212 1507 19 17 of
2239 1507 31 17 the
2278 1506 73 18 session.
2360 1506 59 15 which

1863 1538 37 11 was
1915 1531 48 17 what
1971 1531 19 17 in
2000 1530 25 18 all
2036 1528 110 22 probability
2159 1528 50 18 must
2222 1528 45 17 have
2280 1527 44 18 been
2335 1527 32 18 the
2379 1532 41 12 ease

1863 1552 35 19 had
1906 1552 31 18 the
1945 1552 124 19 Government
2080 1550 102 22 attempted
2190 1552 19 15 to
2216 1550 40 18 deal
2269 1548 45 19 with
2326 1548 31 18 the
2367 1553 43 18 ques-

1863 1576 39 18 tion
1916 1574 20 19 of
1949 1574 45 18 local
2008 1573 90 18 taxation.
2104 1573 54 18 —Mr.
2173 1572 91 22 Whalley,
2281 1572 47 18 amid
2344 1571 76 19 derisive

1864 1598 51 19 cries,
1923 1597 86 19 endorsed
2019 1597 34 17 Mr.
2062 1597 99 17 Smollett's
2170 1594 190 18 statements.—After
2368 1600 9 11 a
2386 1594 33 17 few

1864 1619 80 18 remarks
1956 1618 47 18 from
2016 1618 30 19 Sir
2060 1618 21 18 G.
2096 1618 80 25 Bowyer,
2186 1617 31 18 the
2225 1617 98 18 resolution
2336 1623 37 11 was
2386 1617 34 20 put

1864 1643 35 17 and
1916 1642 94 21 negatived
2024 1641 77 17 without
2118 1645 11 11 a
2141 1639 145 18 division—The
2301 1639 61 17 House
2376 1638 44 18 then

1864 1667 48 15 went
1924 1664 39 18 into
1975 1663 107 19 Committee
2091 1663 19 18 of
2118 1662 73 21 Supply,
2205 1662 37 18 and
2255 1662 64 21 passed
2327 1667 11 12 a
2346 1659 76 19 number

1864 1687 20 18 of
1891 1689 57 17 votes.

1969 1730 84 19 HOUSE
2068 1730 33 19 OF
2112 1730 210 18 LORDS.—MONDAY.

1889 1765 78 17 PUBLIC
1977 1763 102 17 WORSHIP
2092 1762 137 18 RRGULATION
2237 1761 119 18 BILL.—The
2367 1761 56 18 Duke

1866 1786 19 18 of
1893 1786 131 20 Marlborough
2030 1785 85 21 appealed
2125 1786 19 15 to
2151 1785 31 15 the
2193 1783 115 21 Archbishop
2315 1783 19 18 of
2348 1783 64 17 Canter-

1866 1807 46 22 bury
1930 1808 20 17 to
1962 1809 87 18 postpone
2073 1806 31 17 the
2119 1806 65 17 second
2199 1806 76 20 reading
2288 1806 20 17 of
2315 1806 32 17 the
2357 1805 61 17 Public

1869 1830 84 21 Worship
1961 1828 109 21 Regulation
2079 1827 37 18 Bill
2124 1827 47 18 until
2186 1827 32 18 the
2226 1827 47 18 close
2282 1826 19 19 of
2308 1827 32 18 the
2348 1826 74 20 sittings

1867 1852 19 19 of
1894 1852 31 19 the
1935 1851 117 19 convocation
2060 1850 19 19 of
2092 1850 120 22 Canterbury,
2223 1850 69 22 urging
2301 1850 43 18 that
2352 1850 31 19 the
2392 1848 32 19 bill

1869 1874 96 19 contained
1974 1873 99 24 provisions
2085 1872 19 19 of
2109 1878 11 13 a
2130 1873 67 18 serious
2211 1873 35 18 and
2259 1873 51 18 novel
2322 1872 100 19 character.

1869 1898 54 19 After
1937 1904 47 12 some
1996 1896 99 19 discussion
2111 1896 31 17 the
2150 1896 112 21 Archbishop
2276 1897 19 17 of
2310 1896 115 21 Canterbury

1871 1919 65 22 agreed
1943 1922 19 15 to
1970 1919 31 18 the
2009 1919 137 20 postponement
2158 1917 19 18 of
2184 1917 32 18 the
2228 1924 86 14 measure,
2322 1924 24 11 on
2353 1918 33 17 the
2392 1924 22 11 un-

1870 1942 118 20 derstanding
1996 1941 40 18 that
2046 1941 14 17 it
2068 1939 64 18 should
2139 1939 43 21 only
2190 1939 20 17 be
2218 1939 30 18 for
2254 1946 9 11 a
2271 1941 34 17 few
2314 1941 50 21 days.

1891 1964 106 18 WORKING
2017 1968 43 13 AND
2080 1963 150 18 MANAGEMENT
2248 1968 25 13 OF
2284 1963 117 18 RAILWAYS.

1870 1988 39 18 The
1924 1988 45 17 Earl
1981 1987 19 17 of
2011 1987 28 17 De
2052 1987 27 17 La
2091 1985 54 17 Warr
2158 1985 63 17 moved
2236 1991 22 11 an
2275 1985 72 18 address
2366 1987 20 17 to
2394 1984 31 18 the

1871 2010 70 20 Crown,
1949 2009 77 26 praying
2034 2009 38 18 Her
2079 2009 79 20 Majesty
2170 2009 20 17 to
2202 2008 73 21 appoint
2281 2015 11 11 a
2307 2008 118 19 Commission

1871 2034 19 17 to
1903 2033 71 21 inquire
1982 2033 39 17 into
2027 2031 33 17 the
2067 2030 83 22 working
2164 2030 35 18 and
2216 2030 72 21 general
2301 2031 124 25 management

1871 2054 19 19 of
1897 2054 90 21 railways,
1995 2054 37 17 and
2047 2054 60 20 report
2121 2059 48 15 upon
2183 2053 31 17 the
2220 2059 61 12 causes
2297 2054 20 17 of
2327 2053 98 20 accidents,

1871 2078 37 17 and
1916 2078 31 15 the
1951 2076 40 17 best
2000 2081 61 12 means
2068 2076 20 17 to
2096 2075 22 17 be
2131 2074 77 21 adopted
2222 2074 28 19 for
2258 2075 50 18 their
2315 2075 110 21 prevention.

1872 2100 22 17 In
1903 2100 73 19 support
1983 2098 19 17 of
2011 2098 27 17 his
2047 2098 117 21 proposition,
2171 2096 32 17 the
2211 2098 52 17 noble
2271 2098 39 15 lord
2319 2096 79 17 referred
2406 2099 20 14 to

1872 2121 31 18 the
1912 2122 51 20 great
1972 2120 80 18 increase
2065 2119 19 18 in
2096 2119 32 18 the
2141 2119 74 18 number
2223 2119 20 18 of
2250 2119 76 21 railway
2336 2119 91 18 areioLnts

1872 2144 19 19 of
1899 2145 41 20 late,
1949 2143 32 19 the
1995 2141 78 19 number
2087 2141 18 18 in
2120 2143 43 17 1872
2171 2141 53 24 being
2231 2143 22 17 42
2265 2147 32 18 per
2309 2143 46 18 cent,
2365 2141 64 22 higher

1873 2167 45 18 than
1924 2166 31 19 the
1971 2165 81 22 previous
2068 2171 50 17 year.
2150 2165 27 18 He
2190 2165 97 19 advocoted
2301 2165 33 18 the
2347 2165 81 18 absolute

1873 2190 53 18 block
1935 2191 66 20 system
2009 2189 37 17 and
2059 2187 120 21 interlocking
2194 2189 59 20 points
2269 2187 34 18 and
2313 2187 73 21 signals,
2394 2187 34 17 but

1874 2211 79 19 thought
1969 2211 39 17 that
2024 2211 14 17 if
2057 2211 31 17 the
2102 2211 67 17 matter
2177 2216 37 11 was
2229 2210 33 17 left
2274 2210 45 18 with
2333 2211 31 17 the
2370 2210 58 20 Royal

1876 2232 118 19 Commission
2008 2232 32 18 the
2063 2231 40 19 best
2119 2237 60 12 means
2198 2231 30 19 for
2243 2231 96 22 providing
2356 2231 73 21 :igainst

1876 2256 91 18 accidents
1980 2255 59 18 would
2050 2255 22 17 he
2088 2254 109 18 considered.
2220 2254 47 18 Lord
2283 2254 100 22 Houghton
2399 2259 20 13 op-

1876 2278 53 22 posed
1937 2278 32 18 the
1975 2276 117 24 proposition.
2108 2282 24 13 on
2138 2276 33 18 the
2178 2276 70 21 ground
2261 2276 40 18 that
2309 2276 14 18 it
2337 2276 58 18 would
2407 2276 24 17 be

1877 2301 113 21 inexpedient
2003 2301 20 15 to
2035 2298 86 18 interfere
2134 2298 44 18 with
2191 2298 32 18 the
2230 2298 107 22 companies,
2347 2298 39 17 who
2394 2297 37 18 had

1877 2323 65 18 always
1958 2322 63 18 shown
2040 2322 31 18 the
2092 2322 79 18 greatest
2190 2321 73 22 anxiety
2278 2322 20 18 to
2314 2321 73 22 provide
2402 2320 30 19 for

1877 2341 60 26 public
1943 2344 66 22 safety.
2033 2344 38 17 The
2086 2341 52 20 Duke
2154 2343 19 18 of
2185 2343 100 18 Richmond
2295 2343 78 21 thought
2380 2343 52 18 there

1877 2367 58 19 would
1954 2367 21 18 be
1995 2373 22 12 no
2040 2366 87 21 difficulty
2138 2367 20 15 in
2171 2366 106 21 appointing
2295 2372 13 12 a
2324 2366 107 21 sufficiently

1877 2389 102 19 influential
1987 2388 118 19 Commission
2112 2391 20 15 to
2146 2388 70 22 inquire
2229 2388 40 18 into
2275 2388 33 18 the
2315 2391 73 18 matter,
2396 2387 35 19 and

1877 2413 30 19 his
1915 2413 110 21 willingness
2037 2413 19 17 to
2068 2412 107 21 accept—on
2189 2412 31 17 the
2231 2413 41 19 part
2282 2411 20 19 of
2315 2412 32 18 the
2354 2412 78 17 Govern.

1878 2437 84 17 meat—a
1969 2434 73 18 motion,
2050 2440 20 12 as
2079 2434 28 18 far
2115 2439 20 13 as
2144 2434 14 17 it
2173 2433 56 19 asked
2236 2433 30 19 for
2275 2433 72 22 inquiry
2353 2433 40 19 into
2401 2433 31 18 the

1878 2464 63 12 causes
1955 2458 20 17 of
1989 2458 76 20 railway
2078 2457 96 20 accidents,
2185 2457 37 17 and
2229 2457 32 17 the
2274 2457 100 21 possibility
2382 2456 19 18 of
2407 2461 18 13 re-

1879 2480 73 20 moving
1968 2479 50 18 them
2036 2478 24 21 by
2073 2478 72 18 further
2152 2478 110 26 legislation.
2289 2478 39 17 The
2336 2478 63 18 House
2407 2484 19 12 re-

1879 2502 61 18 solved
1948 2503 20 15 to
1975 2502 63 20 accept
2049 2500 31 17 the
2096 2499 67 18 motion
2177 2505 20 12 in
2204 2500 32 18 the
2248 2499 47 19 form
2303 2500 96 22 snggested
2407 2500 25 22 by

1879 2524 32 19 the
1923 2524 53 19 Duke
1983 2524 19 18 of
2010 2523 109 19 Richmond.

1969 2569 84 19 HOUSE
2066 2569 32 19 OF
2108 2569 243 20 COMMONS—MoNnAr.

1903 2602 46 18 THE
1961 2601 138 18 BI7DOET.—In
2111 2602 60 20 report
2184 2601 19 18 of
2215 2602 31 18 the
2261 2601 106 19 resohitions
2376 2601 19 18 of
2406 2601 32 18 the

1883 2623 107 18 Committee
2007 2623 19 18 of
2036 2622 58 22 Ways
2109 2622 35 19 and
2160 2623 70 19 Means,
2246 2623 35 18 Mr.
2298 2623 39 18 Pell
2352 2623 86 18 reviewed

1869 2644 2 25 i
1883 2653 47 12 some
1942 2646 20 18 of
1972 2646 31 18 the
2013 2644 119 24 propositions
2147 2646 94 24 conveyel.
2252 2646 51 20 —The
2317 2646 57 20 Right
2388 2646 50 19 Hon.

1883 2670 30 18 Sir
1919 2668 81 19 Stafford
2008 2669 100 19 Northeote
2121 2669 115 22 (Chancellor
2249 2669 19 20 of
2278 2669 31 21 the
2324 2669 113 24 Exelleper)

1884 2693 39 18 said
1930 2693 40 18 that
1978 2693 32 17 the
2019 2699 37 20 gun
2067 2694 32 17 tax
2107 2693 35 18 and
2151 2693 31 19 the
2190 2694 31 18 tax
2229 2700 47 15 upon
2283 2693 103 22 shepherds'
2395 2693 44 20 dogs

1871 2707 1 32 I
1884 2714 94 19 —against
1991 2714 58 18 winch
2063 2715 69 17 several
2147 2717 89 17 members
2248 2717 193 22 complained—would

1884 2733 69 21 receive
1967 2737 73 18 further
2053 2738 138 18 considemtion.
2222 2739 53 18 With
2290 2739 64 21 regard
2370 2739 20 18 to
2409 2739 31 18 the

1884 2759 52 19 horse
1944 2759 51 22 duty,
2003 2759 17 19 it
2027 2765 37 12 was
2072 2760 86 22 proposed
2164 2761 20 17 to
2191 2760 53 18 make
2252 2761 15 17 it
2275 2761 98 18 terminate
2379 2766 22 13 on
2411 2760 31 18 the

1884 2784 28 18 lot
1920 2783 19 18 of
1950 2783 50 21 July,
2008 2781 71 18 instead
2091 2783 19 18 of
2121 2783 31 18 the
2165 2784 27 17 lot
2202 2783 19 18 of
2231 2784 83 20 January
2327 2784 111 18 next.—The

1885 2806 60 21 report
1952 2805 20 18 of
1983 2804 107 19 resolutions
2099 2804 20 18 of
2130 2805 32 18 the
2172 2805 110 19 Committee
2296 2806 20 18 of
2334 2806 58 18 Wars
2405 2805 37 19 and

1886 2829 64 18 Means
1965 2833 35 11 wits
2009 2828 44 17 then
2069 2828 110 19 considered,
2191 2829 37 17 and
2243 2829 65 19 agreed
2321 2830 19 17 to
2353 2829 46 17 with
2412 2829 30 18 the

139 2643 34 13 THE
182 2642 45 13 LUCK•

288 2641 20 13 IN
317 2641 41 13 THE
367 2641 56 13 BURY
437 2640 30 14 ST.
475 2639 103 14 EIERCEDS
586 2639 94 13 DISTRICT.

288 2657 4 1 .
320 2657 5 1 .

156 2661 33 19 The
196 2661 70 18 farmer.
280 2667 44 11 near
337 2660 50 21 Bury
399 2660 28 17 St.
441 2657 93 19 Edmunds
547 2657 22 17 do
581 2657 31 18 not
621 2662 66 17 appear

141 2687 15 15 to
162 2686 17 15 he
187 2685 66 17 anaM,
302 2688 48 12 ,ome
358 2683 19 17 of
384 2682 50 18 them
442 2681 72 19 locking
522 2681 32 17 out
560 2680 43 21 only-
611 2680 78 18 Federal

142 2706 74 18 anionistA
224 2706 32 17 an!
267 2706 30 17 not
304 2705 92 21 objecting
400 2706 21 15 to
428 2705 31 17 the
468 2702 85 18 National
563 2702 61 17 Union
633 2701 54 18 rules.

142 2730 46 17 Three
200 2728 45 18 lionri
244 2728 7 18 -
252 2728 8 18 •
293 2732 31 13 are
335 2726 72 21 already
420 2726 63 18 locked
495 2726 33 17 out
540 2730 45 12 near
596 2724 44 20 Eve,
653 2724 35 17 and

142 2756 39 12 more
188 2757 27 11 are
223 2751 26 15 tint
275 2750 59 17 toned.
347 2748 74 21 During
432 2748 31 17 the
471 2747 50 18 week
529 2747 21 18 37
559 2741 79 22 families
644 2746 45 17 have

142 2772 91 22 emigrated.
273 2772 17 17 ir
296 2772 74 18 Charles
384 2771 94 21 Banbury,
488 2770 111 20 landowner,
606 2767 83 18 counsels

142 2796 97 18 moderation
278 2794 30 18 the
317 2794 40 20 part
364 2793 20 18 of
397 2793 83 18 farmert.

809 2806 37 13 MR.
859 2804 113 14 311:NDELLA
985 2804 13 12 0
998 2804 14 12 ,
1172 2803 14 13 T.

739 2824 15 18 A
764 2824 69 21 moctbtf.,
833 2824 8 21 ,
841 2824 8 21 ,
863 2824 57 17 culled
934 2823 24 21 by
971 2823 32 17 the
1020 2818 4 27 -
1054 2818 4 27 .
1144 2818 2 27 t
1194 2818 81 22 Council,

145 2832 27 11 LAD
176 2828 54 15 WILERS
230 2828 9 15 .
260 2831 9 12 .1
274 2831 8 12 .
282 2831 60 12 i.ETING
361 2830 21 12 AT
542 2829 32 11 LAN
579 2828 60 12 DLORD
652 2828 21 11 AN:

307 2854 37 12 THE
357 2852 58 13 rNION
429 2852 78 13 TioxPEIL
717 2854 37 12 was
767 2848 40 18 held
815 2849 20 17 at
844 2846 31 19 the
888 2845 79 19 Cutlers'
983 2845 50 17 Hall.
1041 2851 24 11 on
1078 2844 79 21 Met-clay
1165 2844 43 20 last,
1217 2849 22 11 on
1247 2843 28 17 be-
1289 2843 32 19 las
1330 2839 38 17 tree
1376 2839 64 20 agents
1459 2839 20 15 to
1494 2842 50 12 unit,
1590 2838 76 19 ,argain
1681 2838 44 14 with
1740 2841 27 12 us.
1807 2839 41 13 alen
1856 2838 4 27 .

159 2872 24 17 On
197 2872 51 17 Subs
266 2878 17 11 iv
299 2871 51 20 night
369 2871 34 17 last
418 2871 32 17 the
467 2870 46 15 flier
529 2870 46 15 went
596 2868 57 17 round
672 2869 19 15 to
717 2870 39 18 half
767 2870 20 17 of
798 2870 20 17 th
819 2870 11 17 e
839 2869 9 18 l
848 2869 9 18 o
857 2869 84 18 cked-oot
956 2867 30 19 agr
985 2867 19 19 ie
1004 2867 9 19 u
1013 2867 60 19 lterel
1083 2865 9 18 l
1093 2865 9 18 u
1102 2865 30 18 lu:
1131 2865 9 18 n
1141 2865 43 18 en,.
1207 2865 18 18 IM
1225 2865 8 18 r
1233 2865 9 18 .
1253 2865 22 17 A.
1289 2850 1 41 I
1374 2859 21 18 be
1404 2865 66 15 wrong,
1486 2861 78 18 master;
1577 2858 15 18 it
1605 2858 20 20 is,
1638 2858 61 20 really.
1723 2858 38 17 The
1770 2858 90 18 delegates
1886 2851 115 18 amendment
2016 2850 86 21 Proposed
2117 2851 25 20 by
2156 2851 32 17 the
2202 2851 107 18 Chancellor
2324 2851 20 18 of
2354 2852 33 17 the
2406 2852 12 18 E
2418 2852 12 18 t
2430 2852 12 18 .

143 2900 80 12 manioc,
230 2896 19 15 sh
256 2898 11 13 it
278 2900 9 12 a
296 2894 78 19 meeting
383 2893 19 18 of
410 2891 116 21 agricultural
534 2891 92 18 labonrers
635 2890 56 15 would
717 2893 18 18 J.
752 2891 99 20 Munilella,
868 2891 56 20 M.P.,
940 2885 87 26 preside',
1054 2889 17 17 II
1070 2889 9 17 „
1095 2889 38 15 sn'..l
1148 2888 32 17 tie:'
1200 2888 77 21 inestien
1303 2883 51 17 don't
1362 2883 53 15 order
1422 2882 31 17 the
1459 2887 41 12 men
1508 2883 19 15 to
1535 2881 58 18 strike
1600 2872 5 40 t
1617 2880 31 18 it's
1659 2880 33 18 the
1698 2884 40 13 men
1748 2878 112 19 themselves,
1886 2874 83 20 chequer,
1980 2872 19 17 in
2006 2872 106 17 connection
2121 2872 43 18 with
2173 2872 31 18 the
2212 2872 52 18 horse
2272 2874 9 21 d
2282 2874 11 21 u
2293 2874 32 21 ty,

144 2917 17 15 to
168 2917 37 15 held
211 2917 17 15 in
236 2919 19 14 th
263 2895 2 41 •
275 2915 105 18 Foresters
380 2916 43 15 Hall
431 2917 19 14 to
458 2915 44 15 hear
513 2920 24 11 an
544 2914 74 17 address
626 2913 22 17 by
657 2911 34 17 Mr•
718 2915 43 21 they
770 2914 35 18 had
813 2916 38 15 mot
859 2915 20 15 to
891 2911 83 19 consider
986 2917 35 12 was
1038 2917 33 11 ea-
1083 2911 19 15 ef
1114 2910 81 17 rational
1204 2910 73 20 import.
1303 2906 64 18 Dame
1375 2910 31 15 say
1414 2910 12 11 a
1433 2904 50 17 word
1496 2903 72 21 against
1581 2903 31 17 the
1620 2903 76 15 farmers
1706 2902 52 17 when
1766 2901 44 21 they
1821 2901 39 21 join
1907 2895 120 18 CRITICISMS
2040 2898 25 13 OF
2078 2898 40 13 THE
2131 2895 92 17 MEMBER
2235 2900 40 12 FOR
2291 2896 151 17 TAMWORTII.-

143 2939 113 21 Losorington.
270 2943 31 12 me
314 2937 19 17 of
344 2937 32 17 the
389 2937 71 17 :Labour
476 2937 72 17 League
560 2937 70 17 agents.
653 2935 39 15 The
718 2943 39 11 mice
757 2943 11 11 .
794 2937 13 17 H
807 2937 14 17 e
836 2935 9 18 d
846 2935 20 18 es
866 2935 64 18 cribed
947 2935 31 15 the
993 2934 35 17 eoie
1029 2934 56 17 lition
1101 2916 5 44 e
1113 2934 6 17 j
1139 2933 31 17 pie
1185 2931 9 18 l
1194 2931 9 18 a
1204 2931 11 18 l
1214 2931 43 18 mare
1257 2931 11 18 r
1267 2931 11 18 s
1303 2927 84 19 together
1394 2928 7 15 1'
1426 2926 39 18 No:
1483 2926 37 18 an.i
1535 2926 48 17 n-lint
1602 2930 25 12 we
1643 2924 22 18 (lo
1681 2930 31 14 ins
1720 2923 21 20 is,
1750 2929 26 12 we
1783 2923 47 17 shall
1839 2923 22 17 be
1889 2917 30 18 On
1926 2917 31 17 the
1965 2916 67 18 motion
2041 2916 30 17 for
2078 2916 56 21 going
2141 2916 39 18 into
2189 2917 106 18 Committee
2303 2917 20 19 of
2331 2917 111 22 Supply,Mr.

145 2961 32 15 hall
187 2966 32 11 was
231 2968 18 8 se
257 2966 15 11 n
287 2960 80 17 crowded
379 2961 20 15 to
415 2965 66 12 excess.
506 2959 33 17 Mr.
554 2957 85 17 Addison.
653 2956 40 15 who
718 2959 59 18 where
785 2959 32 18 the
826 2957 72 22 dispute
911 2956 110 21 originated.
1033 2955 35 18 gml
1081 2955 38 17 cant
1119 2955 9 17 -
1128 2955 39 17 nide
1173 2954 6 18 I
1188 2954 41 18 that
1237 2959 41 12 men
1303 2946 96 22 bointmen,
1414 2954 38 15 yes,
1460 2947 128 18 bon:linen-if
1610 2952 25 12 We
1654 2952 30 12 are
1698 2947 33 17 not
1746 2944 26 19 let
1787 2947 74 19 to..nom.
1887 2939 94 21 Hanbury,
1993 2939 89 20 pursuant
2087 2939 20 18 to
2114 2937 64 19 notice,
2189 2939 58 18 called
2264 2940 92 18 attention
2378 2942 19 14 to
2412 2940 31 17 the

146 2988 30 11 ..
185 2982 50 17 railed
248 2960 4 43 t
263 2960 1 43 •
278 2982 32 17 the
322 2982 54 18 chair,
393 2982 38 15 Hilda
445 2982 21 14 he
481 2986 35 11 w.
529 2986 9 9 a
553 2980 79 17 working
645 2983 48 12 man.
719 2988 46 11 were
776 2981 8 21 I
784 2981 18 21 ns
802 2981 35 21 tifi
837 2981 9 21 e
847 2981 9 21 a
865 2980 9 17 i
874 2980 9 17 n
892 2980 19 17 th
911 2980 9 17 e
920 2980 20 17 ir
952 2979 9 17 n
961 2979 51 17 ein,.
1020 2978 9 18 i
1030 2978 9 18 n
1049 2978 7 18 o
1056 2978 22 18 ,,l
1078 2978 14 18 gi
1093 2978 8 18 i
1109 2980 7 14 t
1123 2960 5 43 ,
1136 2976 8 20 r
1144 2976 8 20 e
1153 2976 38 20 inei
1191 2976 19 20 ty
1215 2976 20 17 it
1250 2976 19 17 It
1290 2960 4 43 I
1389 2970 76 18 Farmer
1470 2960 4 43 :
1506 2969 57 18 Don't
1573 2969 40 21 give
1620 2974 25 15 up
1654 2974 45 15 your
1706 2968 72 20 tiekeu,
1786 2968 32 17 the
1848 2966 14 18 A
1887 2962 61 20 rePort
1957 2960 19 18 of
1982 2960 32 18 the
2021 2960 103 18 committee
2132 2960 58 18 which
2209 2961 35 18 had
2264 2962 81 20 inquired
2361 2962 40 18 into
2412 2962 32 17 the

146 3004 74 21 although
234 3008 30 13 net
281 3009 22 12 an
315 3004 117 20 agrieultural
443 3004 89 17 labourer.
544 3002 28 15 for
588 3002 21 15 lie
626 3001 35 17 had
676 3002 19 14 to
719 3009 46 13 gave
772 3002 92 18 instances
880 3002 20 18 of
915 3001 32 18 the
963 3001 92 17 rulvantag
1063 3007 11 8 •s
1091 3000 40 17 that
1152 2999 35 17 brut
1200 2994 80 21 resulted
1291 2982 2 43 I
1304 3000 35 15 you
1346 2993 54 18 think
1409 2993 31 17 the
1449 2993 54 17 union
1518 2992 14 17 is
1545 2992 30 17 for
1589 2996 45 18 your
1646 2991 52 21 good.
1722 2989 39 19 You
1774 2995 30 12 are
1813 2989 50 21 quite
1889 2982 91 19 condition
1988 2982 19 18 of
2015 2988 33 12 our
2056 2982 52 18 West
2117 2982 74 18 African
2199 2983 113 19 settlements
2322 2985 19 18 in
2349 2983 57 19 18116.
2406 2983 38 19 with

146 3026 31 17 rise
184 3027 27 15 earl
211 3027 7 15 ,
219 3027 7 15 :
233 3033 20 11 an
260 3004 5 43 t
274 3027 46 15 work
330 3027 27 15 for
366 3027 27 15 Ins
402 3026 59 15 tin-oil,
484 3025 18 17 If
514 3030 35 17 any
561 3024 19 18 of
592 3024 51 17 0.•
656 3028 38 15 pre-
719 3028 20 15 to
750 3026 32 17 the
790 3025 93 18 labourers
898 3024 48 18 from
961 3022 32 19 the
1007 3022 61 18 mai-,
1085 3021 35 18 naa
1135 3021 56 17 affi•••l
1199 3021 81 17 whether
1291 3004 2 43 I
1304 3017 38 18 free
1351 3017 19 17 to
1378 3015 86 17 combine.
1473 3014 37 18 aml
1517 3020 26 11 we
1548 3014 74 17 farmers
1632 3019 30 11 ;ire
1671 3014 38 15 free
1717 3014 19 15 to
1744 3012 70 21 employ
1821 3011 41 21 only
1889 3006 31 17 the
1928 3011 44 11 new
1980 3005 19 17 of
2006 3004 73 22 moving
2167 3005 18 17 in
2193 3005 31 17 the
2232 3006 73 20 opinion
2315 3006 20 17 of
2343 3007 31 17 the
2383 3007 60 17 House

146 3050 33 15 sent
188 3045 33 20 Ind
226 3051 18 14 to
252 3027 1 43 •
272 3050 25 15 •rk
306 3048 27 17 for
341 3050 27 17 ffs,
376 3054 11 11 a
394 3048 47 15 week
451 3048 21 15 he
485 3048 56 19 pitied
554 3046 109 17 them.-Sir
676 3045 18 17 J.
719 3048 44 21 they
772 3047 64 18 shonhl
849 3047 21 17 be
882 3046 98 21 comPellel
994 3047 20 15 ta
1028 3045 7 17 -
1035 3045 7 17 ,
1058 3045 8 17 ,
1082 3045 13 17 it
1106 3051 8 11 a
1114 3051 9 11 -
1123 3051 9 11 •
1157 3044 30 18 He
1195 3043 85 22 oPpealed
1291 3027 2 43 I
1305 3039 52 17 those
1368 3038 40 17 who
1427 3037 24 18 do
1469 3039 31 15 not
1517 3035 100 19 combine.'
1642 3034 56 19 Men:
1778 3034 22 17 be
1809 3034 79 17 sure
1889 3028 14 17 it
1911 3027 59 18 would
1978 3028 38 20 not,
2024 3027 19 17 in
2052 3027 32 17 the
2091 3027 86 18 interests
2193 3028 19 17 of
2224 3028 109 18 civilisation
2347 3028 35 18 end
2394 3028 50 18 Corn.

146 3070 20 18 D.
178 3071 60 21 Asticy,
252 3072 14 15 II
276 3071 24 19 I'..
309 3071 39 17 who
361 3072 27 15 sat
402 3071 84 19 amongst
498 3070 31 17 the
542 3069 97 17 labotwers,
651 3067 44 15 here
720 3072 20 15 to
746 3071 33 17 the
788 3069 79 21 meeting
875 3070 20 17 to
902 3067 54 19 assist
970 3067 32 18 the
1010 3073 41 11 men
1061 3067 45 17 nat'l
1116 3067 31 15 tile
1156 3066 79 17 loek-out
1244 3070 37 12 was
1292 3048 2 44 i
1305 3061 52 17 Then
1365 3065 31 12 are
1411 3065 26 11 we
1452 3063 20 13 to
1487 3059 50 17 leave
1552 3064 35 17 you
1602 3059 43 15 next
1659 3057 66 21 Friday
1776 3057 86 18 Farmers
1889 3056 65 13 merce,
1972 3048 24 18 be
2004 3054 40 12 now
2052 3048 90 18 desirable
2148 3051 20 17 to
2176 3050 96 18 withdraw
2280 3051 46 17 from
2334 3051 31 17 the
2378 3051 67 17 admin.

146 3093 98 22 interrupt.'il
253 3094 28 15 l'a
291 3093 80 22 speaker,
380 3093 21 21 by
410 3093 93 17 observing
511 3092 40 15 that
563 3096 46 11 none
622 3091 72 21 present
720 3094 19 17 sit
748 3099 24 12 an
780 3092 41 21 end,
830 3098 21 11 or
859 3093 19 17 to
886 3091 43 22 help
941 3091 50 17 them
1005 3092 8 15 t
1020 3071 5 45 ,
1038 3090 34 17 etei
1075 3094 11 6 ~
1087 3092 39 14 :gas
1135 3089 38 17 ints
1181 3087 51 19 other
1244 3087 35 18 dia.
1293 3071 1 45 '
1382 3081 14 18 is
1404 3081 47 18 what
1461 3087 26 12 we
1501 3080 44 18 have
1560 3080 65 21 agreed
1633 3085 47 15 upon
1690 3081 19 15 at
1719 3079 57 21 Bury.
1800 3078 8 17 I
1819 3078 11 17 h
1830 3078 34 17 ave
1890 3072 84 17 istration
1993 3071 19 18 of
2030 3071 63 18 affairs
2112 3077 24 12 on
2154 3071 31 18 the
2203 3072 46 18 Gold
2356 3073 38 18 The
2402 3073 43 18 hon.

148 3116 31 17 had
185 3119 9 13 t,
200 3093 2 43 .
210 3117 13 15 m
223 3117 14 15 o
237 3117 14 15 t
262 3123 25 9 ,p
295 3093 4 43 t
304 3117 32 17 lint
344 3116 11 17 ,
354 3116 32 17 min
386 3116 53 17 .__Th
439 3116 12 17 e
462 3115 24 18 ch
485 3115 12 18 a
497 3115 12 18 i
509 3115 50 18 rman
573 3113 69 22 replied
653 3113 41 17 that
720 3117 53 18 tries
784 3116 17 18 in
810 3115 38 18 this
854 3116 51 19 count
905 3116 11 19 r
915 3116 11 19 y
926 3116 11 19 ,
945 3119 21 12 or
974 3115 20 18 to
1007 3119 22 11 'a
1042 3112 33 18 als''-
1087 3093 4 43 .
1103 3112 12 17 l•
1140 3112 21 17 In
1170 3110 110 20 emclusion,
1306 3105 66 22 alw•ays
1380 3104 58 19 found
1444 3110 35 17 you
1489 3110 9 12 a
1507 3103 46 24 good
1561 3106 27 14 set
1604 3103 19 17 of
1635 3102 98 22 labourers,
1744 3100 35 19 and
1793 3100 7 19 I
1814 3100 48 18 don't
1890 3093 103 22 gentleman
2001 3093 78 18 referred
2088 3093 20 19 to
2117 3093 89 19 statistics
2219 3094 80 19 showing
2319 3096 43 18 that
2379 3094 19 19 of
2409 3094 37 19 late

148 3139 19 14 he
180 3139 30 15 I,3Li
226 3145 7 9 :.
247 3117 2 41 '
289 3141 13 14 ••1
320 3139 50 17 Glare
386 3144 40 11 weri
433 3117 4 41 .
451 3138 35 15 and
500 3138 21 15 he
534 3137 57 21 hoped
605 3137 30 15 Sir
646 3136 48 17 John
720 3139 22 18 he
751 3139 57 19 turgest
816 3139 41 15 that
865 3138 32 17 the
904 3137 58 17 whole
974 3136 83 22 qoestion
1072 3135 64 18 should
1152 3135 21 17 he
1182 3132 99 19 submitted
1293 3117 1 41 I
1307 3129 53 18 think
1369 3133 35 17 you
1411 3128 46 18 have
1466 3126 57 19 found
1531 3132 28 12 me
1567 3132 11 12 a
1586 3126 34 17 bad
1742 3124 14 18 M
1756 3124 28 18 en
1793 3125 28 17 ~•
1830 3124 11 17 N
1840 3124 22 17 o.
1890 3124 51 15 years
1949 3117 45 19 both
2002 3117 31 18 the
2041 3117 52 18 trade
2111 3117 45 18 with
2176 3117 32 19 the
2226 3118 46 19 Gold
2291 3119 54 18 Coast
2365 3119 37 18 and
2414 3118 32 19 the

148 3161 51 15 molds
213 3139 2 41 .
239 3139 2 41 ,
299 3139 2 41 ,
315 3162 25 14 ,•.I.
348 3167 11 11 a
367 3161 48 18 tin,
426 3161 57 17 when,
491 3165 24 11 no
526 3158 60 18 donht,
601 3158 21 15 he
635 3158 59 14 wolild
720 3163 20 15 to
749 3159 116 20 arbitration,
883 3158 37 18 and
935 3165 20 11 so
971 3158 44 20 Imig
1031 3163 18 9 as
1068 3157 32 17 the
1114 3157 59 20 disma
1173 3157 12 20 ,
1193 3156 59 17 lasted
1260 3156 21 15 he
1293 3139 2 41 I
1411 3150 12 17 F
1423 3150 52 17 arme
1475 3150 13 17 r
1496 3152 30 14 ,-
1533 3149 18 17 W
1551 3149 18 17 e
1581 3149 45 17 have
1641 3148 66 20 always
1720 3148 32 20 got
1759 3152 25 13 on
1791 3146 40 18 well
1839 3148 26 15 to-
1877 3139 1 41 •
1890 3145 77 13 revenue
1975 3139 19 19 of
2001 3139 32 18 the
2041 3142 76 19 country
2125 3139 35 18 had
2169 3141 92 18 increased
2268 3145 44 17 very
2319 3142 76 22 largely.
2417 3142 30 17 He

148 3182 22 15 ha
170 3182 12 15 ,
201 3162 2 41 -
276 3162 1 41 •
304 3188 26 15 ..si
341 3183 18 15 of
369 3183 63 18 asking
441 3187 32 17 any
483 3181 93 22 questi•ms
585 3181 22 15 he
615 3180 79 19 thonght
720 3183 59 19 hoped
788 3183 31 15 the
834 3181 61 18 trades
909 3181 20 17 of
946 3181 32 17 the
992 3176 48 21 team
1055 3178 112 20 wont:!help
1173 3178 32 15 the
1212 3183 71 11 men.-
1294 3162 1 41 I
1309 3172 70 21 gather,
1387 3174 64 19 except
1465 3171 19 17 in
1499 3171 31 17 the
1540 3171 48 17 little
1597 3171 67 15 matter
1672 3170 35 15 last
1715 3169 80 15 harvest•
1819 3169 9 15 I
1835 3174 30 11 tun
1891 3162 103 17 deniedha
1962 3162 43 17 that
2011 3162 31 17 the
2050 3162 103 17 merchants
2161 3162 19 17 in
2189 3163 31 17 the
2228 3163 45 17 least
2287 3164 9 20 o
2296 3164 20 20 bj
2316 3164 20 20 ec
2336 3164 11 20 t
2347 3164 11 20 e
2357 3164 11 20 d
2385 3165 20 15 to
2417 3164 31 15 the

150 3183 5 43 1
155 3210 9 14 .1
176 3210 6 14 t
191 3183 1 43 •
236 3206 8 13 ,•
302 3211 7 9 :.
324 3204 38 18 cs:l.
370 3204 9 17 a
394 3211 47 14 ep,.•l
457 3204 32 15 Mr.
506 3203 117 19 Leverington
635 3203 19 15 to
666 3201 30 17 na-
722 3202 34 20 oth
756 3202 24 20 er
788 3204 84 21 speakers
880 3203 69 20 having
961 3201 94 18 addre3sed
1070 3201 31 18 the
1114 3200 85 21 meeting,
1207 3198 32 19 the
1247 3198 33 18 fol.
1294 3183 1 43 •
1307 3200 52 17 sorry
1367 3198 18 13 to
1393 3195 39 20 part
1449 3193 43 18 with
1508 3198 34 15 yon
1551 3183 4 43 ;
1576 3191 32 18 but
1624 3197 19 12 so
1659 3191 14 18 it
1690 3193 47 15 must
1746 3190 28 17 be.
1796 3190 26 17 Al
1831 3195 35 17 any
1878 3183 1 43 •
1891 3184 83 17 taxation
1982 3183 80 21 imposed
2081 3189 48 15 upon
2148 3184 54 20 them,
2224 3184 34 18 and
2278 3184 71 19 remove
2349 3184 12 19 d
2373 3185 9 17 t
2382 3185 11 17 o
2404 3191 32 11 non
2435 3191 12 11 _

155 3227 9 14 1,
206 3227 9 14 ''
220 3204 1 44 •
302 3235 46 8 .•:3
356 3204 1 44 1
361 3204 1 44 ,
369 3228 26 15 i.•l.
409 3229 14 14 I,'
428 3204 1 44 ,
446 3227 35 17 aid,
494 3226 76 20 ...going
583 3224 79 21 etrongly
677 3224 18 15 in
722 3227 67 21 Maine'
804 3226 99 19 resolntion
921 3221 34 22 u'lls
969 3224 128 20 nnUnimunoly
1109 3222 71 19 cornea
1187 3223 40 17 ,--
1235 3222 47 17 That
1309 3219 46 19 Inn,
1380 3222 26 12 we
1428 3215 37 18 will
1487 3217 43 20 part
1548 3215 45 22 goal
1605 3214 74 17 friends.
1706 3213 33 21 (To
1750 3213 31 18 the
1792 3211 72 20 bailiff.)
1878 3204 1 44 •
1892 3206 69 19 British
1970 3204 107 24 possessions
2086 3204 5 44 ;
2102 3206 35 18 and
2146 3206 22 19 he
2177 3207 38 18 also
2222 3207 125 19 controverted
2355 3207 9 18 A
2365 3207 11 18 ,
2393 3208 46 17 state-

240 3228 4 41 •
282 3228 2 41 •
298 3256 7 8 i
312 3250 27 14 I.C,
348 3228 1 41 :
367 3256 45 9 two,.
426 3250 34 14 and
475 3249 79 19 Looting
567 3249 19 14 to
599 3247 31 17 the
646 3247 50 17 setts-
722 3250 38 18 this
768 3250 80 19 meeting
857 3248 64 21 deeply
930 3249 70 17 regrets
1007 3247 17 17 th
1024 3247 8 17 ,
1043 3228 1 41 •
1057 3247 31 17 the
1096 3246 92 18 moderate
1196 3244 86 18 demands
1310 3240 58 19 Being
1391 3239 18 18 in
1431 3243 50 13 sonic
1504 3237 41 18 beer
1569 3237 34 17 and
1626 3236 26 18 let
1674 3236 50 17 them
1746 3235 45 18 have
1818 3240 48 12 some
1878 3228 2 41 ,
1892 3230 48 15 ment
1949 3229 41 17 that
1998 3228 31 18 the
2039 3229 102 17 merchants
2148 3229 57 18 under
2213 3229 70 19 British
2293 3230 9 22 p
2302 3230 20 22 ro
2322 3230 50 22 tecti
2372 3230 11 22 o
2382 3230 11 22 n
2401 3236 46 12 were

150 3274 8 12 1
158 3274 9 12 '
176 3250 4 43 '
276 3250 1 43 •
296 3278 14 9 •••
319 3273 57 20 'to:1:y
389 3272 19 18 of
422 3272 51 18 tint,
489 3273 72 20 present
578 3269 40 18 that
635 3269 61 19 things
722 3273 20 18 of
754 3272 31 18 the
793 3267 92 22 labonrers
894 3269 45 19 have
947 3267 45 21 been
1000 3273 35 13 met
1046 3269 22 11 '--
1080 3276 8 8 a
1097 3267 72 22 general
1178 3267 79 18 lock-out
1265 3265 19 18 of
1309 3262 25 17 all
1449 3261 43 17 Men
1500 3250 4 43 :
1612 3263 40 18 you,
1778 3257 77 18 Fanner
1861 3250 4 43 :
1879 3250 1 43 ,
1893 3256 47 12 more
1949 3250 122 21 quarrelsome
2078 3250 45 18 than
2135 3250 51 19 when
2205 3252 34 18 left
2258 3254 19 15 to
2295 3253 113 21 themselves,
2417 3252 32 18 the

149 3299 17 8 n,
172 3299 27 9 :•
219 3273 5 40 '
278 3308 6 1 _
292 3273 5 40 t
338 3300 14 8 e:
360 3301 21 8 ,::
392 3301 19 7 3,
419 3294 53 15 much
485 3294 70 19 against
569 3293 32 15 the
614 3292 83 17 intenkts
723 3295 25 17 nil
756 3294 91 18 unionists
855 3294 19 15 in
883 3293 70 17 cellain
967 3292 80 17 district-
1078 3298 8 9 d
1095 3273 5 40 1
1109 3289 66 18 ,leiires
1183 3291 20 17 to
1211 3295 72 14 express
1311 3285 9 7 ''
1330 3283 67 20 Perlin'
1397 3283 11 20 ,
1417 3289 26 12 we
1456 3289 40 14 may
1507 3282 26 17 nn
1534 3285 6 15 .
1540 3285 6 15 e
1546 3285 7 15 t
1566 3282 61 17 ogain.
1628 3282 11 17 -
1663 3281 54 17 Men:
1750 3280 79 21 Perhaps
1841 3285 26 11 we
1879 3273 1 40 '
1893 3274 38 17 fact
1941 3273 53 22 being
2002 3273 40 17 that
2050 3273 43 22 they
2102 3279 46 12 inn
2156 3275 32 17 not
2194 3275 20 17 at
2223 3274 24 18 RH
2267 3275 130 21 quarrelsome.
2430 3274 19 18 If

369 3322 13 8 3-
391 3317 27 15 l'i,
418 3317 7 15 ,
425 3317 7 15 v
443 3315 35 15 hail
485 3314 20 17 1,,
507 3320 7 12 ,
514 3320 22 12 en.
561 3314 27 15 He
604 3313 39 17 stet
656 3313 40 15 that
723 3317 25 18 its
757 3315 97 22 sympathy
862 3315 44 17 with
915 3315 31 17 the
1031 3320 14 8 ,:'-
1063 3320 9 8 ',
1083 3295 2 43 '
1093 3295 2 43 :
1110 3318 32 11 'ex
1152 3312 48 17 reioe
1209 3311 19 18 of
1235 3311 50 18 their
1297 3295 1 43 i
1310 3312 47 15 may.
1380 3306 35 15 We
1423 3305 60 17 shan't
1492 3305 22 17 be
1522 3300 53 25 above
1576 3300 11 25 -
1586 3300 66 25 ashing
1657 3308 35 15 you
1700 3302 30 18 for
1736 3308 11 11 a
1755 3302 31 21 job
1794 3302 54 20 again
1853 3301 15 17 if
1880 3295 1 43 ,
1893 3296 52 17 there
1954 3301 37 11 was
1998 3295 19 15 to
2026 3295 20 17 13e
2055 3295 99 20 protection
2163 3298 20 15 at
2191 3296 30 18 all,
2230 3296 24 18 be
2259 3298 103 18 contended
2380 3298 43 17 that
2435 3296 13 18 it

155 3343 19 9 '-:
184 3317 1 40 '
288 3317 1 40 •
320 3345 8 6 ,•
339 3317 1 40 •
350 3317 1 40 .
396 3345 24 8 .:
441 3317 5 40 1
463 3338 27 17 for
502 3337 45 18 than
559 3335 98 19 labourers,
671 3335 27 15 for
725 3317 2 40 -
746 3317 1 40 .
759 3339 26 17 4...1
798 3338 51 19 right
857 3337 9 18 o
867 3337 11 18 f
889 3335 20 19 mo
909 3335 11 19 l
920 3335 11 19 i
931 3335 11 19 j
941 3335 21 19 oo
963 3335 21 19 th
984 3335 21 19 oo
1005 3335 11 19 .
1028 3317 1 40 ;
1039 3317 2 40 .
1075 3317 2 40 •
1088 3317 2 40 :
1110 3334 7 17 '
1117 3334 7 17 2
1124 3334 21 17 ,,,
1155 3333 17 18 if
1172 3333 8 18 s
1180 3333 25 18 ,if
1217 3334 9 17 t
1226 3334 9 17 o
1245 3339 19 11 re
1264 3339 20 11 p.
1297 3334 39 12 iWe
1346 3328 47 17 want
1402 3327 21 21 it,
1431 3327 39 21 just
1479 3332 19 12 as
1509 3332 24 12 we
1546 3326 31 17 dil
1589 3325 48 18 nftar
1779 3324 87 18 Farmer:
1893 3318 59 17 would
1959 3317 21 18 be
1990 3321 48 13 more
2044 3317 85 18 effectual
2138 3317 24 22 by
2170 3322 61 12 means
2245 3318 20 18 of
2276 3319 112 18 settlements
2404 3319 45 18 than

417 3361 40 15 -..,:!:
467 3367 9 9 a
485 3360 59 19 gallsil
552 3359 91 17 shoulder.
651 3364 20 11 or
680 3359 17 15 in
724 3354 4 25 '

724 3363 40 18 a
764 3361 48 18 them
736 3370 19 11 ,v
785 3367 27 12 em
830 3360 99 22 pecuniary
943 3359 31 18 aid
983 3359 45 18 mitii
1046 3359 13 8 ••
1126 3339 2 44 -
1143 3359 19 15 •:t
1178 3356 78 19 lockout
1270 3356 15 18 is
1374 3356 35 18 yen
1417 3348 46 19 shall
1472 3350 46 18 have
1526 3348 20 21 it,
1556 3348 14 18 if
1578 3354 45 17 your
1631 3347 59 22 idaces
1698 3353 30 12 are
1736 3347 33 18 not
1781 3346 50 18 filled
1838 3352 31 15 up.
1893 3340 24 17 he
1925 3339 73 22 sendiog
2008 3340 31 17 out
2048 3339 105 22 squadrons,
2161 3340 58 18 which
2228 3346 45 13 were
2281 3341 11 21 s
2291 3341 11 21 h
2302 3341 11 21 i
2313 3341 32 21 ndy
2357 3348 11 12 a
2387 3347 61 13 veneer

299 3390 45 7 .•-
350 3359 2 44 ,
370 3359 2 44 ,
412 3392 8 6 ~
432 3390 13 8 Is
458 3385 34 14 11111
514 3383 21 20 lip
552 3387 9 11 a
578 3383 119 14 (lover...in
904 3383 54 18 letter
966 3387 35 12 was
1018 3387 12 9 1.,
1042 3359 77 44 -.-•
1124 3359 1 44 •
1140 3387 20 8 ~,,
1173 3379 64 18 Canon
1246 3379 40 17 (lir-
1311 3374 33 17 Let
1354 3379 27 11 me
1389 3373 63 17 advise
1461 3378 34 11 you
1504 3374 19 14 to
1531 3372 22 17 do
1561 3371 90 22 anything
1658 3371 61 17 rather
1728 3370 45 18 than
1781 3374 22 15 go
1809 3370 33 17 out
1850 3369 19 17 of
1894 3359 19 21 of
1920 3369 81 15 expense,
2011 3361 45 18 with
2065 3367 45 12 none
2118 3361 20 19 of
2145 3363 31 18 the
2184 3364 110 21 mlvantatres
2303 3364 59 18 which
2370 3364 32 18 the
2414 3366 34 15 set,

151 3405 40 14 sit,:
198 3404 46 15 ath
292 3385 1 40 •
309 3385 1 40 .
339 3411 32 8 wis
383 3405 109 15 embalmed
507 3410 19 9 as
539 3404 45 15 unfit
600 3403 27 17 for
643 3403 53 17 work,
725 3406 87 18 alestonc,
822 3406 20 17 of
854 3404 132 21 Almondbury,
1000 3404 32 15 wa•
1057 3385 2 40 •
1087 3385 1 40 •
1134 3385 4 40 '
1153 3400 70 18 111Vitell
1230 3403 20 15 la
1259 3402 8 15 n
1267 3402 19 15 t.
1298 3385 2 40 i
1312 3396 30 18 the
1351 3397 80 19 country.
1456 3390 58 21 There
1522 3393 15 18 is
1546 3393 61 21 plenty
1616 3392 20 18 of
1644 3392 48 18 work
1701 3392 43 17 here
1752 3391 19 17 in
1783 3391 85 21 England
1880 3385 2 40 ,
1894 3386 84 17 tlements
1994 3390 45 17 gave
2052 3385 19 15 in
2086 3385 31 17 the
2132 3385 58 21 shape
2211 3385 20 18 of
2249 3391 83 13 revenue.
2355 3387 14 17 H
2369 3387 14 17 e
2404 3386 8 18 c
2412 3386 9 18 i
2421 3386 19 18 te
2440 3386 9 18 d

152 3424 26 17 hat
194 3425 21 14 he
231 3431 13 9 is
256 3406 1 39 •
299 3426 7 13 ',
325 3426 25 15 -1:1
366 3426 18 15 of
399 3432 9 9 a
428 3426 92 19 labouring
537 3430 41 11 man
596 3424 52 18 being
660 3429 38 17 pet-
725 3423 146 22 ten
872 3432 31 13 i,
757 3429 12 17 d
777 3428 20 18 th
797 3428 11 18 e
816 3423 21 21 m
837 3423 21 21 o
859 3423 21 21 o
880 3423 45 21 ti
925 3426 26 17 Th
951 3426 14 17 e
977 3425 17 17 am
993 3425 60 17 .h.-.••
1076 3425 18 9 •.:
1129 3406 2 39 -
1142 3429 6 11 a
1209 3423 41 18 hail,
1265 3422 11 18 h
1276 3422 12 18 e
1299 3406 1 39 :
1312 3418 28 17 for
1348 3417 25 17 all
1381 3417 19 17 of
1408 3422 41 17 yen,
1457 3416 53 17 an,la
1519 3415 46 18 noel
1574 3419 53 15 many
1636 3419 40 12 men
1685 3413 40 17 who
1737 3413 46 17 have
1798 3413 72 17 crossed
1881 3406 1 39 1
1894 3412 98 12 numerous
2009 3412 48 11 cases
2067 3406 20 17 to
2096 3406 47 17 show
2152 3406 41 18 that
2212 3407 52 18 trade
2282 3413 37 12 was
2339 3407 52 18 much
2402 3413 48 13 more

154 3446 73 18 flounced
235 3446 18 20 hi
295 3428 2 44 •
308 3448 48 18 •diebtl
366 3454 20 12 as
394 3448 46 18 unfit
448 3449 30 17 for
485 3448 56 18 work.
567 3446 28 18 He
604 3445 34 19 boil
654 3452 46 14 gone
726 3451 44 19 said,
780 3451 27 15 Ins
815 3450 64 21 hearty
885 3443 109 27 'sympathy;
999 3454 19 11 a.
1033 3448 12 17 t'
1111 3442 30 13 •'
1149 3452 15 9 -v
1178 3445 13 17 k
1191 3445 39 17 new
1239 3444 12 18 f
1251 3444 35 18 rom
1299 3428 1 44 '
1312 3439 31 18 the
1352 3439 149 18 w
1501 3444 17 9 m
1352 3442 56 14 tester
1416 3438 44 17 wish
1469 3438 106 17 theselves
1585 3436 45 18 back
1737 3435 54 18 Hens
1881 3428 1 44 I
1894 3428 109 22 flourishing
2011 3428 59 18 where
2078 3428 51 18 these
2137 3429 113 17 settlements
2269 3430 73 17 existed,
2362 3430 35 17 and
2409 3430 41 17 that

154 3468 34 18 into
195 3469 31 18 the
233 3470 24 15 dr:
300 3450 1 52 •
307 3474 7 7 t
320 3472 35 14 tem
364 3476 53 15 many
425 3477 9 11 a
445 3471 50 20 time,
507 3470 37 17 and
552 3469 52 17 when
620 3469 22 17 he
657 3469 44 17 took
713 3450 1 52 I
726 3474 27 18 his
763 3472 64 18 letters
835 3471 19 19 in
863 3467 104 22 the:rams.
992 3470 27 17 Ile
1033 3476 34 6 '-.
1130 3475 7 9 t
1147 3468 48 17 shat
1204 3467 22 18 he
1234 3465 53 19 could
1299 3462 35 17 ,do
1343 3462 46 20 well,
1398 3465 26 13 we
1431 3461 48 18 hear.
1504 3459 52 19 Some
1565 3459 24 18 do
1596 3458 54 22 badly
1658 3461 19 15 at
1685 3458 52 17 home
1750 3463 20 12 or
1783 3456 78 18 abroad.'
1881 3450 1 52 '
1894 3451 32 18 the
1935 3451 67 20 system
2011 3450 18 17 of
2037 3451 122 17 Government
2167 3451 24 20 by
2200 3452 99 17 merchants
2308 3452 12 18 h
2320 3452 12 18 a
2331 3452 12 18 d
2352 3452 11 21 p
2362 3452 44 21 rove
2406 3452 12 21 d
2430 3452 9 18 t
2439 3452 11 18 o

154 3490 38 17 hol.l
198 3491 18 17 of
227 3491 25 17 hi-
263 3471 1 46 •
304 3493 14 13 I,'
322 3494 50 17 isters
381 3493 57 18 which
446 3493 20 18 be
476 3491 35 18 had
519 3498 24 11 on
552 3491 27 18 his
592 3491 58 17 hands
666 3491 35 17 hoa
713 3498 33 15 ,to
754 3496 43 21 help
804 3495 14 17 It
883 3494 39 18 The
931 3493 105 18 maintelM,
1045 3498 6 6 •.
1072 3497 14 7 ••
1103 3471 4 46 •
1130 3471 2 46 •
1143 3490 53 17 ',inn
1209 3495 38 11 WaS
1256 3489 21 17 th
1277 3489 11 17 e
1299 3471 2 46 I
1313 3484 41 18 And
1363 3490 20 12 so
1391 3484 37 17 this
1436 3484 39 15 teak
1483 3483 61 17 ended,
1554 3488 19 11 as
1581 3482 14 17 it
1603 3481 64 21 began,
1688 3480 44 18 with
1747 3478 70 19 mutul
1825 3478 46 21 good
1894 3472 24 19 be
1925 3472 61 22 highly
1996 3471 146 21 unsatisfnetory.
2167 3472 27 19 He
2203 3474 100 18 contended
2311 3475 19 17 tlu
2344 3476 7 15 I
2359 3474 32 19 the
2399 3474 52 18 with.

154 3511 67 21 broken,
233 3520 20 11 et,
262 3495 2 43 '
276 3495 1 43 •
283 3515 20 15 ',.•
313 3515 51 17 b'ood
373 3515 66 22 poured
458 3515 52 18 down
530 3514 27 18 his
575 3514 72 21 fingers.
672 3513 30 18 He
726 3519 40 18 best
775 3523 61 12 means
844 3517 20 18 of
883 3516 50 18 robin
933 3516 9 18 ,
943 3516 11 18 '
969 3515 48 17 the.
1033 3521 43 9 ,_•
1087 3495 4 43 -
1135 3495 4 43 -
1157 3511 48 19 their
1214 3511 73 22 geimral
1300 3495 1 43 .
1315 3506 72 22 feeling.
1422 3506 27 18 To
1457 3511 27 12 Me
1494 3506 14 17 it
1517 3511 35 11 was
1561 3503 61 22 deeply
1636 3503 107 21 interesting
1756 3501 45 21 talk,
1814 3501 35 18 and
1861 3501 9 17 I
1883 3495 1 43 1
1896 3495 67 18 drawal
1971 3495 19 18 of
1997 3495 31 17 the
2036 3495 60 17 Dutch
2105 3495 81 18 afforded
2194 3496 30 17 the
2233 3498 98 15 guarantee
2339 3497 72 21 against
2420 3497 31 17 the

154 3535 17 17 al
170 3535 17 17 so
194 3535 66 19 allud,-.1
286 3540 14 13 ,I
312 3543 13 11 a.
334 3537 83 22 hunting,
429 3537 31 19 the
467 3537 59 18 Game
539 3537 57 17 Laws.
615 3536 35 18 and
667 3536 32 18 the
728 3547 15 12 ce
749 3539 11 20 n
759 3539 45 20 diti
804 3539 22 20 on
827 3539 35 20 -th
862 3539 12 20 e
894 3541 34 19 non
928 3541 94 19 -payment
1046 3539 8 14 ':
1084 3517 2 43 •
1106 3517 1 43 •
1123 3517 2 43 •
1153 3534 96 22 especially
1269 3533 20 19 of
1300 3517 1 43 ,
1315 3530 45 17 have
1368 3529 53 21 given
1430 3529 14 17 it
1453 3528 52 22 fully,
1514 3527 86 19 .maitting
1609 3531 24 12 no
1641 3526 59 21 points
1719 3524 59 18 which
1796 3523 39 19 told
1847 3529 24 12 on
1883 3517 1 43 !
1897 3517 94 22 squabbles
2000 3517 34 17 and
2043 3517 124 18 dishubances
2180 3517 58 19 which
2252 3519 44 19 used
2308 3520 20 18 to
2342 3520 46 18 arise
2400 3519 52 19 when

154 3556 46 19 Land
209 3559 12 17 L
221 3559 12 17 a
233 3559 24 17 w,
296 3567 7 8 ~
313 3539 4 46 i
327 3560 28 17 ~,„.
356 3560 7 17 0
373 3566 39 11 men
420 3562 35 15 nms
456 3562 12 15 ,
476 3561 21 15 he
506 3561 40 15 ~,,,
554 3562 20 14 ,
589 3559 112 18 parliament
726 3563 65 21 liquor.
800 3561 145 19 allotmeta.'atul
954 3561 56 15 above
1019 3539 4 46 :
1023 3539 4 46 -
1026 3560 14 17 ,l'
1052 3539 4 46 •
1063 3539 1 46 :
1089 3539 4 46 •
1126 3539 1 46 .
1137 3559 85 17 -I.loevras
1230 3556 20 18 of
1257 3556 32 18 the
1315 3552 58 18 either
1380 3550 44 20 giag,
1433 3556 19 12 as
1461 3550 30 18 far
1496 3556 20 11 as
1526 3550 13 17 it
1548 3555 46 15 goes.
1604 3548 30 18 for
1641 3548 9 17 I
1659 3548 52 17 think
1720 3548 14 17 a
1740 3547 57 22 yields
1809 3552 12 12 a
1834 3546 37 18 bet-
1896 3541 51 17 there
1955 3546 37 11 was
2000 3539 32 18 the
2039 3539 71 18 divided
2118 3541 113 21 ocetipation,
2250 3542 35 18 and
2306 3542 56 19 tarred
2381 3542 40 17 that
2433 3542 19 18 in

154 3579 37 17 who
194 3581 54 15 wondd
257 3562 2 43 I
283 3591 17 6 -
309 3582 47 15 these
373 3582 60 18 things
442 3582 76 17 littered.
541 3582 24 15 As
570 3582 20 17 th
599 3581 76 20 Unions,
680 3581 21 15 he
728 3587 69 15 utmost
806 3585 126 20 importancot
933 3588 11 11 e
952 3582 65 17 them•
1017 3582 13 17 -
1038 3582 19 14 -',
1075 3582 7 14 7
1101 3587 31 8 '°':
1156 3579 8 18 ,
1165 3579 93 18 ffitcribed
1270 3579 19 17 in
1300 3562 2 43 :
1315 3576 28 15 ter
1351 3574 34 17 and
1394 3574 57 15 fauar
1459 3572 110 18 illustration
1577 3570 19 18 of
1611 3570 31 18 the
1650 3576 41 11 case
1700 3569 19 18 of
1727 3569 90 20 enndoyer
1835 3568 37 17 and
1896 3563 64 17 future
1967 3562 14 17 it
1990 3562 57 17 weal
2056 3562 21 17 he
2086 3568 93 15 necessary
2187 3565 19 15 to
2215 3563 45 18 have
2272 3569 12 12 a
2297 3565 35 18 real
2349 3563 45 22 camel
2407 3563 35 19 Gov-

154 3602 57 17 trant
219 3602 45 18 them
279 3604 51 18 down
346 3600 76 26 through
438 3605 30 17 the
488 3604 102 21 Scriptures
609 3602 46 18 from
670 3602 32 18 the
729 3608 31 18 the
769 3607 37 18 hall
815 3606 80 18 towards
904 3605 32 18 the
944 3605 105 17 Labourer.'
1062 3583 4 43 '
1071 3583 2 43 '
1111 3583 1 43 :
1300 3583 2 43 ,
1315 3595 90 21 labourer,
1413 3595 19 17 jut
1440 3595 31 18 the
1479 3594 71 21 homely
1558 3593 57 17 ivonls
1623 3592 20 18 of
1651 3592 50 20 each,
1720 3592 45 17 than
1783 3589 53 19 could
1848 3589 21 18 be
1884 3583 1 43 ,
1897 3586 83 17 ernment
1996 3583 57 20 there,
2062 3583 53 18 while
2134 3585 18 18 in
2172 3585 31 18 the
2223 3586 85 18 interests
2328 3586 19 18 of
2357 3586 97 22 humanity

156 3624 73 18 creation
237 3626 17 15 of
266 3632 45 12 eroi.
324 3626 80 21 showing
412 3626 41 22 they
462 3633 46 11 were
517 3632 22 12 no
548 3632 38 12 new
594 3626 59 21 thing.
667 3625 34 18 and
861 3633 43 14 THE
917 3632 85 14 HEiLTH
1015 3632 17 12 ol
1031 3632 8 12 -
1054 3632 12 2 -
1072 3606 1 43 I
1102 3606 2 43 '
1140 3631 18 11 ''.
1302 3606 1 43 '
1315 3618 81 24 supplied
1404 3618 24 17 be
1436 3617 31 19 the
1476 3622 33 17 pen
1518 3617 19 18 of
1545 3621 35 18 any
1589 3615 145 21 correspondent.
1757 3613 24 18 Of
1789 3613 31 17 the
1830 3618 41 12 men
1884 3607 28 18 'it
1920 3613 37 12 was
1965 3612 94 15 necessary
2079 3606 41 18 that
2139 3613 26 12 we
2184 3607 64 18 should
2272 3608 18 18 In
2310 3608 47 18 what
2366 3615 26 12 we
2400 3608 54 19 could

157 3645 13 18 if
181 3647 22 15 th,
217 3648 30 15 f.,-.--
281 3659 11 6 -.
306 3648 21 21 by
337 3645 73 26 holdhig
418 3650 87 21 meetings
519 3648 44 19 with
570 3648 59 18 closed
643 3648 59 20 doors,
751 3654 35 17 Mr.
796 3653 22 17 H.
827 3652 18 18 J.
854 3652 100 19 Holvoake,
963 3650 74 18 lentil,
1046 3654 19 13 Si:
1074 3654 9 12 1
1083 3654 21 12 ..
1126 3625 2 46 .
1163 3625 2 46 ,
1178 3648 24 15 y.-
1206 3653 22 9 g's
1237 3653 40 12 oars
1285 3625 4 46 :
1302 3625 1 46 ,
1315 3641 39 19 who
1363 3641 35 18 will
1407 3641 44 18 thus
1459 3641 21 15 ),,
1489 3641 31 17 out
1530 3639 19 18 of
1556 3639 48 17 work
1613 3639 43 17 next
1667 3637 72 22 Fellay,
1747 3635 31 19 the
1787 3634 86 22 standing
1884 3625 33 25 Ito
1933 3634 84 17 suppress
2039 3628 32 19 the
2093 3628 79 20 horrible
2194 3630 37 19 and
2254 3631 99 19 barbarous,
2376 3633 78 17 customs

156 3667 40 26 wi!'.'
206 3677 7 8 ',
223 3676 7 9 -:
252 3652 1 44 •
282 3652 2 44 ,
343 3672 19 17 to
369 3672 57 21 guard
433 3672 54 21 them,
506 3671 79 22 thought
600 3672 43 20 they
657 3677 46 11 were
729 3676 34 18 _3l
763 3676 12 18 r
775 3676 12 18 .
794 3666 19 30 Jo
813 3666 9 30 .
822 3666 40 30 seph
870 3669 50 24 Aitch
930 3674 14 17 is
956 3673 56 19 doing
1022 3674 32 15 too
1065 3678 28 9 ma
1161 3671 26 17 1.7'
1198 3670 90 22 strength.
1315 3670 60 17 wages
1384 3663 18 18 of
1411 3664 31 17 the
1450 3663 110 21 engineman
1569 3667 45 11 nere
1622 3661 26 17 .fil
1658 3666 11 11 a
1677 3660 54 20 week,
1750 3659 34 17 and
1804 3658 31 18 .£0
1845 3658 28 17 for
1885 3652 1 44 !
1898 3653 41 17 that
1951 3652 34 18 hail
1998 3652 65 20 arisen,
2076 3653 20 17 to
2104 3658 48 12 some
2160 3654 61 17 extent
2236 3653 15 18 it
2264 3654 58 18 might
2336 3654 28 18 be,
2378 3654 19 18 in
2413 3660 41 12 con.

156 3696 51 13 1.701,,,
216 3674 2 40 7
230 3674 1 40 •
273 3693 11 14 .:
306 3693 47 17 •11sia
361 3696 21 15 ms
383 3696 12 15 t
402 3693 9 17 o
411 3693 9 17 f
432 3693 19 20 ex
451 3693 9 20 i
461 3693 9 20 s
470 3693 9 20 t
480 3693 28 20 ent
508 3693 20 20 .,
539 3693 21 21 th
560 3693 11 21 e
570 3693 12 21 y
591 3693 35 17 wou
626 3693 24 17 ld
666 3693 18 17 fi
684 3693 9 17 n
693 3693 9 17 d
729 3699 28 15 on
765 3697 18 17 Th
783 3697 64 17 „,,,j,,
915 3674 2 40 •
972 3696 8 17 t
986 3694 67 18 Exeter
1063 3693 14 15 it
1095 3674 5 40 i
1100 3674 5 40 .
1123 3693 12 8 •i
1162 3692 54 11 •ii-
1224 3674 2 40 •
1248 3674 2 40 -
1265 3674 4 40 .
1315 3687 32 17 the
1356 3687 79 15 harvest-
1457 3685 39 17 The
1505 3684 48 17 chief
1561 3684 107 21 spokesman
1684 3681 35 18 had
1739 3681 26 17 3s.
1774 3680 30 17 Gil.
1817 3686 11 11 a
1839 3680 34 20 slay
1885 3674 1 40 '
1899 3680 86 15 sequence
1994 3674 19 18 of
2021 3674 31 17 the
2068 3674 113 21 suppression
2194 3674 20 18 of
2228 3676 32 18 the
2272 3676 48 18 slave
2331 3677 59 17 trade.
2425 3677 30 17 He

849 3702 11 17 y
868 3700 83 13 evening,
960 3700 11 12 a
1076 3670 2 48 .
1103 3670 2 48 .
1152 3699 6 7 a
1163 3700 14 9 ~,
1188 3670 2 48 .
1202 3698 18 9 ..1
1220 3698 7 9 ,
1243 3698 6 8 l
1253 3697 37 12 °lee
2730 3670 65 7 se-..••••

2562 3685 81 18 HOUSE
2655 3685 32 18 OF
2699 3685 255 19 COMMONS.-ThESDIV.

157 3716 28 13 ma
195 3713 17 15 tl:
226 3713 12 15 1.•
281 3713 2 15 •
300 3713 4 15 '
318 3713 4 15 .

301 3724 25 8 •,.
344 3715 28 18 for
391 3716 43 22 they
452 3722 46 11 were
514 3715 97 22 supporttal
630 3715 24 22 by
672 3715 32 18 the
729 3720 26 18 till
771 3718 69 21 Istl3
840 3718 13 21 ,
853 3718 56 21 ylth
920 3719 8 15 t
935 3694 1 45 '
948 3717 7 17 f
964 3723 11 11 ti
989 3723 12 14 y
1011 3717 24 15 et'
1056 3723 7 4 -
1081 3694 5 45 -
1147 3719 26 6 -'
1179 3694 2 45 •
1232 3719 35 11 wa.
1280 3719 11 12 a
1316 3709 52 18 when
1376 3707 44 18 with
1429 3706 30 19 the
1468 3706 107 20 machinery.
1600 3704 25 18 At
1633 3704 52 18 other
1693 3703 53 18 Hmes
1760 3703 22 17 he
1791 3707 35 12 was
1838 3700 35 19 fre-
1885 3694 2 45 ;
1899 3697 63 17 moved
1970 3696 31 18 the
2010 3696 98 18 resolution
2117 3697 19 17 of
2148 3697 58 17 whirls
2219 3697 21 18 be
2255 3698 37 18 bad
2303 3698 53 21 given
2369 3699 86 17 notice.-
2467 3694 1 45 I

157 3733 43 19 Tred
230 3726 4 35 I
247 3726 1 35 .
282 3726 1 35 ,
296 3726 2 35 .
312 3726 2 35 :
318 3738 28 17 Lall
356 3738 22 24 by
384 3744 11 11 a
402 3738 40 21 levy
458 3738 18 17 of
490 3739 22 17 Is,
523 3744 31 15 per
569 3738 47 17 week
632 3738 70 17 several
737 3726 5 35 e
742 3726 5 35 •
756 3726 14 11 '
785 3726 6 11 1
821 3726 15 14 '-

843 3725 28 11 '''

907 3723 57 35 j''.
964 3723 30 35 u-
1006 3712 5 46 I
1033 3730 7 2 -
1108 3712 1 46 •
1148 3712 2 46 •
1169 3712 2 46 -
1220 3712 2 46 '
1245 3728 13 22 ....
1271 3712 2 46 ,
1281 3742 8 11 s
1316 3730 74 22 quently
1398 3729 92 22 employed
1499 3730 18 15 at
1526 3726 103 24 piecework.
1644 3726 41 20 and,
1706 3725 53 21 being
1778 3731 12 12 a
1807 3724 67 21 capital
1886 3712 1 46 !
1899 3719 34 17 Mr.
1949 3718 73 17 Holmes
2039 3719 76 20 opposed
2130 3719 32 15 Mr.
2180 3719 99 22 flanbory•s
2293 3720 104 19 resffintion.
2428 3720 27 18 11,
2467 3712 1 46 i
2503 3713 41 18 Taw
2561 3713 45 17 Nvw
2621 3713 103 17 LICENSING
2741 3712 110 17 BILL-Mr.
2859 3712 53 21 Melly
2926 3717 44 15 gave
2978 3712 58 17 notice

729 3743 6 17 1
748 3743 89 17 nllowness
844 3742 20 17 in
872 3742 33 18 it..
913 3742 91 24 enotingt
1012 3745 15 12 I,'
1037 3745 24 14 !-
1071 3742 4 27 -
1128 3742 4 27 .

1149 3765 15 4 ~.
1200 3749 2 20 .
1217 3749 1 20 .

1266 3759 15 11 ..:

157 3756 52 18 thee,
220 3765 19 8 ~
250 3737 2 45 •
296 3761 7 15 .'
309 3737 5 45 .
322 3759 52 18 csuld
381 3759 21 19 he
412 3761 63 18 raised.
497 3761 50 21 They
560 3765 45 13 were
621 3765 40 13 now
677 3765 26 12 re•
1317 3761 14 9 u
1350 3754 22 18 -le
1424 3752 11 18 h
1440 3758 6 7 3
1454 3752 30 18 it'd
1493 3751 39 18 well
1547 3756 22 12 on
1590 3750 59 21 piece:
1663 3749 27 17 his
1709 3748 86 21 ordinary
1814 3752 59 13 wages
1886 3737 1 45 I
1898 3742 78 18 thought
1983 3741 31 18 the
2022 3741 120 18 Government
2148 3742 64 17 should
2217 3742 50 18 leave
2274 3744 32 17 the
2314 3744 142 19 administration
2467 3737 1 45 '
2481 3737 46 17 tiad•

1191 3733 1 43 .
1222 3767 28 9 ~_.
1274 3733 1 43 :
1286 3733 4 43 .
1333 3759 17 12 ou
1369 3758 46 14 nail,
1437 3759 7 11 4.
1467 3742 364 27 l
1831 3742 728 27 on
2564 3737 30 15 the
2603 3736 64 17 second
2675 3736 73 18 reading
2754 3736 18 17 of
2776 3736 32 15 the
2816 3735 94 18 Licensing
2919 3733 117 18 Amendment

730 3765 74 20 disease.
828 3765 94 17 Incessant
935 3763 92 21 speaktng.
1045 3763 1 22 •

159 3784 47 12 nltllll
221 3785 17 13 7•
244 3757 1 51 '
273 3757 2 51 -
304 3783 12 15 :•
315 3783 6 15 '
321 3783 19 15 7IS
348 3782 8 18 l
357 3782 8 18 •
365 3782 76 18 thelleeeS
448 3784 7 15 t
461 3783 34 17 4N-1
528 3757 4 51 I
587 3789 33 2 ••
457 3791 6 8 i
480 3790 6 9 N
497 3789 34 11 iers.
548 3783 40 21 they
605 3783 60 17 would
680 3783 21 17 be
730 3790 70 15 eessant
809 3787 73 18 anxiety
891 3788 19 17 to
918 3785 81 22 promote
1007 3784 31 18 th.
1050 3791 8 9 .:
1069 3757 4 51 -
1110 3757 99 51 -.••.-
1230 3789 12 8 v
1248 3790 7 8 ,
1266 3788 19 11 or
1317 3783 11 9 a
1335 3782 33 12 sell
1376 3782 22 11 no
1427 3784 31 7 •t
1328 3777 8 7 -'
1383 3757 2 51 •
1400 3778 8 14 t
1416 3776 31 15 thu
1447 3776 11 15 -
1467 3774 51 21 eolith
1520 3772 40 22 'yet
1569 3778 46 12 were
1624 3771 35 18 Ids.
1669 3777 12 12 a
1695 3771 54 20 week,
1763 3770 40 21 and,
1817 3775 20 12 as
1848 3775 27 12 we
1886 3765 32 18 lof
1929 3764 59 18 affairs
1996 3769 22 11 on
2027 3763 31 17 the
2066 3763 46 19 Gold
2120 3764 54 17 Coast
2183 3769 19 12 as
2210 3765 78 21 speedily
2296 3771 19 11 as
2327 3767 81 21 possible.
2421 3767 22 18 mi
2444 3767 12 18 d
2467 3757 2 51 '
2481 3759 40 19 Bill,
2531 3759 22 17 he
2561 3758 64 17 should
2631 3763 51 12 mon
2688 3758 40 15 that
2735 3758 19 15 in
2761 3758 32 15 the
2802 3757 71 21 opinion
2881 3757 19 15 of
2907 3757 32 15 the
2947 3757 60 15 House
3014 3762 22 11 no

253 3778 2 52 ,
266 3778 2 52 •
307 3778 2 52 .
334 3804 27 18 He
370 3804 85 22 appealed
462 3806 19 17 to
489 3806 30 17 the
529 3811 39 12 men
578 3808 19 15 to
602 3806 20 18 be
635 3808 40 15 true
684 3806 20 18 to
730 3811 22 17 he
759 3811 33 17 has
801 3815 50 12 come
857 3811 20 15 to
886 3810 125 20 represe.nt-a
1022 3814 9 11 5-
1031 3814 6 11 ,
1069 3813 12 6 •••
1119 3807 9 11 -'
1134 3811 21 12 t_,
1174 3811 20 6 --
1205 3778 5 52 -
1234 3778 1 52 4
1247 3778 4 52 -
1267 3811 22 8 ~..
1319 3800 15 17 1,.
1341 3798 39 21 agl,
1388 3798 22 18 he
1419 3797 51 18 made
1478 3797 37 18 111
1524 3798 19 14 at
1554 3796 79 17 hanest.
1886 3778 2 52 I
1900 3787 70 18 showed
1978 3787 39 18 that
2026 3791 32 12 our
2065 3788 117 21 expenditure
2189 3793 24 12 on
2220 3789 30 15 the
2259 3784 46 21 Onlel
2319 3790 53 15 Con-t
2383 3789 35 18 had
2430 3790 28 15 in.
2481 3787 79 12 measure
2569 3781 57 17 would
2635 3781 20 17 be
2663 3780 112 21 satisfactory
2787 3780 57 17 which
2857 3778 78 18 afforded
2947 3778 90 17 increased

159 3823 33 17 the:
211 3827 21 14 ~..
254 3801 2 53 •
335 3827 86 21 conibine,
433 3827 37 18 ona
478 3828 40 22 they
528 3828 59 18 wottld
602 3834 53 17 prove
664 3833 40 13 con-
730 3840 8 11 s
763 3833 83 21 nsibility
862 3831 28 19 for
906 3830 32 19 the
953 3830 41 18 wise
1012 3837 25 11 es
1052 3801 2 53 :
1084 3801 1 53 -
1133 3801 5 53 :
1172 3835 27 9 „.:•
1207 3801 2 53 :
1230 3828 24 15 -1,
1253 3828 15 15 ,,
1269 3828 8 15 ,
1287 3801 2 53 I
1591 3820 17 17 •
1902 3810 71 18 creased
1985 3810 46 19 Since
2047 3810 20 14 ls
2069 3809 20 15 68
2096 3810 46 15 from
2153 3810 9 17 £
2163 3810 21 17 lo
2184 3810 43 17 .°°°
2233 3816 32 17 Iles
2272 3816 66 12 ...In.
2347 3813 19 15 to
2376 3811 21 17 15
2404 3811 52 17 TOO°.
2469 3804 20 18 If
2490 3804 73 15 acilities
2572 3804 26 14 for
2607 3803 90 19 drinking,
2705 3802 34 15 and
2752 3802 56 15 which
2820 3802 47 15 dealt
2878 3802 17 15 in
2904 3806 22 12 :in
2935 3801 59 17 unfair
3002 3801 34 17 and

159 3850 72 15 :Perm,
256 3850 20 14 As
292 3850 31 15 the
398 3850 19 17 of
428 3850 28 17 his
476 3850 61 20 speeeh
557 3850 21 18 he
598 3850 67 18 offerel
685 3852 20 17 to
1887 3823 1 47 I
1902 3833 27 18 He
1944 3831 77 19 doubted
2036 3830 79 19 whether
2130 3831 31 18 the
2176 3831 57 19 restat
2245 3833 18 18 of
2274 3834 32 17 the
2319 3834 89 17 A.shantee
2421 3839 35 12 war
2469 3823 1 47 i
2481 3826 78 22 unequal
2571 3830 74 12 manner
2653 3827 19 15 to
2681 3830 9 12 a
2699 3823 119 18 consideralde
2832 3823 65 17 branch
2906 3823 19 17 et
2935 3823 31 17 the
2979 3823 58 21 liquor

730 3840 109 37 un7yenteut,
856 3855 46 17 have
917 3854 39 17 told
971 3859 12 12 u
1037 3840 2 37 '
1131 3840 5 37 -
1165 3840 5 37 '
1235 3855 22 4 ••
1286 3840 2 37 -
1346 3850 7 18 I'
1365 3856 18 9 ~-.
1393 3850 52 17 other
1452 3849 63 18 deaths
1528 3848 45 18 have
1587 3847 85 19 occurrea
1685 3847 19 18 in
1719 3846 105 18 conneetMn
1832 3844 44 19 with

242 3882 14 9 ...

270 3882 13 13 :,.
288 3878 9 11 a
305 3874 56 15 'Hone
369 3878 12 11 n
384 3872 43 18 huh
431 3878 67 15 anyone
508 3873 58 20 might
579 3872 53 18 think
648 3872 20 18 fit
685 3860 1204 30 toi
1902 3856 58 18 would
1967 3855 20 17 be
2000 3860 11 11 a
2026 3854 94 17 continued
2135 3860 53 15 peace
2196 3855 50 17 -On
2259 3856 33 15 the
2307 3856 69 17 nard'on
2402 3856 37 17 fXI
2448 3849 2 46 •
2469 3849 1 46 '
2481 3849 35 17 trae
2517 3849 8 17 d
2525 3849 19 17 e•

730 3878 86 18 ceaseless
824 3876 110 18 exert
934 3876 12 17 II
1029 3876 2 19 '
1104 3876 1 19 -
1141 3876 4 19 -
1168 3876 2 19 '
1206 3876 4 19 •
1231 3876 5 19 •

883 3876 39 18 oat
922 3882 9 11 e
948 3882 7 11 s
961 3882 48 11 noon
1019 3879 13 13 t•
1059 3882 7 5 .•
1082 3862 4 33 •
1097 3862 1 33 -
1182 3882 53 7 -,-.
1261 3862 2 33 '
1274 3887 7 2 -
1289 3862 1 33 -
1318 3875 13 14 ..,
1358 3862 1 33 ,
1365 3862 2 33 •
1382 3874 25 15 ..••1
1407 3874 6 15 7
1421 3872 92 21 explosion
1520 3876 19 12 at
1546 3869 144 21 Inverkeithing,
1698 3868 94 21 Fifeshire,
1802 3869 18 20 tm
1820 3869 9 20 -
1830 3869 47 20 tking
1887 3862 2 33 ,
1924 3862 4 33 •
2137 3875 6 5 '
2190 3862 4 33 .
2346 3862 6 9 '
2391 3862 32 11 °'
2422 3862 17 11 l
2439 3862 17 11 '
2469 3862 1 33 I
2504 3870 54 17 latsH
2565 3869 157 18 liviLleocs.-7.11r.
2732 3868 21 17 BI
2809 3862 5 33 I
2906 3867 13 17 11
2926 3862 2 33 •
2934 3867 6 15 I
2998 3867 14 13 t'
3018 3862 2 33 •

159 3889 35 18 ask.
208 3892 32 17 and
249 3899 22 9 ...,::
295 3899 67 14 anyone
377 3899 37 11 was
428 3895 19 14 at
462 3894 64 21 liberty
544 3898 20 14 to
583 3894 72 17 address
673 3894 30 17 the
731 3901 13 14 e
744 3901 14 14 l
795 3905 12 11 n
976 3891 6 6 •
1090 3869 2 46 -
1106 3869 2 46 -
1887 3869 2 46 .
1902 3879 56 18 Mills,
1965 3878 30 18 the
2004 3876 60 17 debate
2074 3881 35 12 was
2115 3876 96 20 adjourned
2220 3876 45 18 until
2272 3879 43 17 next
2323 3878 81 21 Monday.
2760 3874 47 11 muer
2815 3870 60 13 lessen
2884 3873 19 11 CR
2920 3869 4 46 ,
2930 3869 4 46 ,
2948 3869 89 14 atten.lon

159 3912 112 22 meeting.---
299 3915 15 14 .I.
326 3915 21 15 D.
354 3915 60 17 Astlev
433 3915 41 18 MP
483 3906 4 30 ,
506 3915 44 18 then
568 3915 87 19 Ascended
674 3915 31 18 the
767 3906 27 9 me

810 3908 2 13 '
839 3908 2 13 .
866 3908 5 13 •
894 3908 5 13 •
924 3908 4 13 .
952 3908 4 13 .
981 3908 2 13 .
1009 3908 5 13 •
1044 3908 15 13 '..

1107 3889 2 32 '
1933 3905 65 17 time;
2011 3904 85 18 REPORTO
2105 3902 51 17 -Mr
2176 3902 104 18 Macdonald
2293 3902 31 18 ask
2336 3902 50 18 Ith-
2401 3904 28 17 Ho
2481 3894 20 14 to
2515 3893 31 15 the
2559 3893 66 19 sui•ject
2639 3892 19 15 of
2669 3892 31 15 the
2714 3891 106 20 aconisition
2833 3889 33 15 and
2880 3889 70 15 control
2960 3889 18 15 of
2991 3889 46 15 Irish

731 3921 56 19 aireet
798 3921 35 18 Mr.
847 3921 65 17 Arch's
924 3924 110 14 movement.
1050 3908 4 32 .
1165 3908 4 32 -
1180 3908 4 32 -
1205 3917 44 18 3..1
1406 3921 70 17 Ii.ODE
1488 3918 187 20 MOVEIIENT.-The
1694 3918 52 18 Press
1765 3917 112 19 Associntthn
2324 3909 9 12 e
2361 3908 2 32 -
2379 3911 9 9 '
2430 3908 27 12 me
2483 3914 79 17 railways
2570 3913 22 15 hy
2600 3914 32 15 the
2640 3914 57 15 Stat..,
2705 3913 35 15 and
2804 3912 51 17 lllat
2864 3915 74 12 measur•
2944 3909 33 17 sta.:
2983 3909 53 18 taken

159 3933 85 20 platform.
263 3928 2 27 ,
289 3937 37 15 •-•I
334 3928 5 27 I
348 3935 20 18 he
377 3937 34 18 hal
417 3928 34 26 'not
459 3928 33 26 Mb.
514 3938 6 13 I
537 3938 32 18 Ito
570 3928 27 22 .d
604 3938 6 13 1

578 3944 72 12 ILA.ress
658 3944 47 12 .-em
1889 3925 1 34 ,
1902 3928 93 20 Secriaary
2003 3927 50 15 when
2061 3926 22 15 lie
2091 3925 52 17 word,
2156 3925 20 17 he
2185 3931 38 11 ae
2224 3925 26 17 hullo
2263 3926 65 17 deliver
2340 3927 19 14 to
2372 3926 86 15 members

731 3950 11 12 a
749 3944 63 18 month
824 3944 40 18 into
878 3948 47 13 some
937 3941 45 19 uoo7
996 3943 19 18 of
1031 3939 2 28 ;
1046 3939 2 28 -
1061 3939 5 28 r
1065 3950 6 18 .
1257 3945 33 12 un-
1304 3939 2 28 I

1339 3952 7 15 ..,
1354 3931 5 37 ~
1368 3931 1 37 :
1382 3954 11 1 _
2483 3935 28 18 for
2516 3931 59 27 ple:cin
2591 3934 50 18 them
2646 3935 19 15 in
2669 3934 31 17 the
2706 3934 104 21 possession.
2816 3934 35 15 nna
2857 3938 22 11 ni.
2888 3933 9 15 a
2901 3939 12 9 v
2919 3933 31 15 the
2957 3937 79 12 mann,-

159 3954 48 19 when
217 3957 21 17 lie
247 3964 24 9 a,:
301 3963 8 8 ••
315 3948 2 30 ,
327 3959 28 15 :I,
364 3960 83 17 ineelinc.
455 3960 32 18 but
496 3967 8 9 a
511 3948 2 30 •
531 3960 31 18 Mr
585 3961 35 17 I--
628 3948 2 30 •
638 3961 8 8 ''
676 3948 5 30 •
1902 3951 32 18 the
1941 3950 69 24 reports
2017 3948 19 18 of
2046 3948 32 18 the
2086 3948 102 21 Inspectors
2194 3948 19 17 of
2228 3948 56 18 Mines
2296 3948 28 17 for
2339 3948 47 18 1873.
2399 3948 34 17 ana
2445 3948 14 17 if

159 3978 35 17 haa
203 3979 44 15 tuna,
261 3986 81 8 :,•-
353 3954 4 45 •
369 3954 2 45 ,
380 3981 8 15 l•
398 3974 14 25 n
412 3974 28 25 al
452 3981 14 18 I.
476 3973 22 26 1.
508 3970 7 5 '
565 3954 2 45 '
595 3967 31 11 •`-‘`
633 3967 31 13 ''.
664 3967 9 13 1
673 3967 11 13 •
684 3967 21 13 00
732 3967 71 18 known.
828 3967 17 17 It
852 3966 58 18 wouhl
918 3966 22 17 be
948 3965 59 19 better
1017 3954 5 45 f
1022 3966 6 15 ,
1028 3966 18 15 •:.
1059 3954 5 45 •
1144 3954 2 45 .
1155 3963 6 18 -
1235 3967 58 13 Mere-
1305 3954 2 45 1
1339 3969 12 14 A
1361 3973 12 8 .:,
1381 3972 13 8 ,i-
1402 3966 33 14 rahl
1442 3966 58 14 rather
1507 3970 20 11 an
1534 3965 92 20 important
1638 3963 48 17 tnvic
1698 3964 92 15 movement
1801 3963 30 15 has
1841 3963 35 19 jost
1889 3954 1 45 '
2484 3961 53 15 most,
2546 3959 19 15 of
2572 3958 31 17 the
2611 3959 124 15 tiovernmeut.
2760 3957 27 17 11,
2796 3959 64 14 cont.,
2867 3956 27 17 ',...,i
2906 3956 39 17 thid
2953 3954 31 18 the
2996 3954 39 17 rail•

161 4006 31 13 nny

200 4006 11 9 n.

222 4000 30 15 ~,,,

268 4007 9 6 ~
300 3993 1 25 .
308 3993 4 25 ,
361 3993 4 25 1

370 3987 12 32 k
381 3987 13 32 a
428 3987 24 12 on
461 3987 38 13 3le
507 3983 77 20 thought
593 3984 22 17 he
622 3984 56 19 ouglit
687 3986 19 15 to
732 3993 47 14 moot
790 3991 40 15 Ilea
839 3990 22 17 he
879 3989 22 18 ho
915 3989 18 18 II
941 3993 24 18 go
973 3987 51 19 down
1033 3993 9 13 a
1054 3989 43 17 naa,
1109 3971 5 48 I
1126 3993 11 11 3.'
1150 3971 2 48 1
1153 3971 2 48 -
1155 3971 4 48 ,
1169 3986 63 18 :-.1,,,th
1245 3985 14 19 if
1271 3985 22 19 he
1319 3989 40 15 ben
1388 3991 32 11 mm
1442 3986 28 14 act
1478 3986 18 14 lo
1504 3985 69 15 Loudon
1583 3985 26 15 for
1620 3986 27 14 the
1662 3987 71 15 porpose
1744 3983 17 15 of
1773 3983 73 18 forming,
1856 3987 21 9 an
1889 3971 1 48 ,
1902 3974 32 18 the
1946 3974 70 21 reports
2029 3971 51 18 could
2088 3973 31 14 not
2127 3971 21 17 be
2156 3971 87 18 delivered
2252 3971 63 18 earlier
2323 3972 18 17 M
2349 3972 32 17 the
2389 3971 66 17 session

163 4020 8 1 _
184 4026 24 9 ~,
219 4000 7 24 f

244 4025 12 7 ~.
270 4023 33 8 ~
309 3978 1 54 .
324 3978 4 54 .
390 4004 34 17 .of
436 4010 69 11 colas,
516 4005 74 17 .lifferel
605 4006 47 17 front
671 4006 37 17 :Mr.
2484 3987 46 18 ways
2543 3980 69 20 should,
2624 3980 35 18 like
2672 3980 32 17 the
2715 3980 40 17 Post
2771 3980 58 19 Odic.,
2842 3979 19 15 de
2877 3979 54 15 ankr
2944 3978 30 17 the
2988 3979 50 15 Stae

733 4013 65 17 ctuanot
808 4012 94 18 otherwise
909 4013 31 19 get
948 4017 11 12 a
967 4011 47 18 little
1023 3993 4 39 ,
1036 4011 22 17 ri.
1067 4011 50 17 tn.l
1126 4016 18 11 re
1147 4013 21 13 3t.
1319 4006 83 19 mullion
1409 4007 18 13 to
1434 4006 30 14 the
1470 4005 47 14 usnal
1525 4005 60 14 trades'
1599 4004 65 17 unions,
1680 4003 30 15 the
1726 4003 69 18 objtvt,„
1813 4006 18 11 as
1848 4006 28 9 ate
1889 3993 1 39 ,
1902 3998 45 17 then
1963 3997 43 21 they
2019 3994 34 18 had
2065 3993 45 19 been
2122 3993 30 18 for
2163 4000 48 12 some
2224 4000 51 15 years
2287 3996 39 21 past
2331 3993 65 19 S-Mr.
2406 3994 53 17 Cross
2494 4010 9 5 ,
2546 4004 7 15 1
2574 3993 4 39 ,

163 4020 15 17 L
200 4026 39 14 telle
239 4026 7 14 s
246 4026 17 14 .•
308 4029 13 9 '1
340 4028 6 14 y
346 4028 6 14 ,
352 4028 13 14 ',
383 4025 21 15 he
416 4025 35 17 had
469 4026 44 14 been
531 4026 71 19 pleased
618 4028 44 17 with
677 4029 31 17 the
744 4000 2 45 '
2512 4007 22 12 ar
2574 4004 35 15 And
2626 4004 37 15 said
2675 4003 40 17 that
2728 4003 31 17 the
2776 4003 45 17 IriM
2837 4006 18 17 p..
2855 4006 7 17 ,
2871 4002 27 20 pie
2915 4006 43 11 were
2975 4000 63 17 •thnoa

1320 4026 73 15 uouncei
1401 4026 18 13 at
1430 4025 61 14 senrai
1499 4024 18 15 of
1524 4024 28 15 the
1559 4023 107 19 preliminary
1677 4022 79 17 meetings
1768 4020 54 15 which
1833 4020 43 15 hare
1889 4011 2 31 r
1903 4019 38 18 said
1946 4011 4 31 :
1963 4019 9 15 I
1980 4019 46 15 hove
2033 4017 79 17 received
2120 4019 69 19 reports
2197 4018 45 15 from
2250 4017 31 17 the
2290 4017 54 17 whole
2360 4016 19 18 of
2389 4017 31 17 the
2433 4017 24 15 in-
2484 4011 7 11 e
2491 4011 7 11 '
2498 4011 5 31 -
2503 4011 5 31 '
2507 4011 31 19 t---
2538 4012 8 18 P
2555 4011 5 31 t

165 4042 79 19 speaker.
270 4043 13 14 II
309 4044 15 14 In
325 4044 8 14 ,
333 4044 8 14 '
352 4045 15 14 It
383 4045 6 12 I
405 4045 6 12 I
2484 4026 126 19 linanlMOlisly
2622 4026 19 17 in
2656 4025 66 18 favour
2737 4025 20 17 of
2770 4025 31 17 the
2813 4023 144 18 tranfor.-Mr.
2974 4023 30 17 W.
3017 4022 21 18 0.
3051 4022 1 39 1

335 4051 13 7 dl
369 4052 21 9 el.
397 4048 31 15 Ll°
433 4046 45 21 goo,l
485 4052 51 11 s.inse
541 4046 18 17 of
565 4046 94 19 his:trot=
684 4052 7 13 t
618 4062 9 7 ,
661 4055 20 11 .11
694 4056 13 13 S,
720 4039 4 34 I
772 4048 92 13 an:Ente:
878 4048 26 12 OF
915 4048 41 12 THE
969 4046 44 13 NATI
1012 4046 12 13 ,
1031 4049 15 9 .7.
1055 4039 2 34 '
1067 4039 2 34 '
1153 4039 4 34 7
1162 4039 1 34 •
1169 4045 37 13 LTU
1209 4045 26 13 DA
1239 4045 9 13 1.
1320 4045 51 15 Lilt,
1378 4045 46 19 place
1431 4044 59 17 during
1498 4043 30 15 the
1534 4045 37 17 past
1579 4042 31 15 few
1617 4042 47 17 aays,
1672 4042 13 14 is
1696 4043 18 13 to
1726 4039 44 15 form
1775 4039 41 15 such
1833 4044 9 9 a
1854 4044 22 9 so-
1889 4039 1 34 '
1903 4042 39 17 snec
1942 4042 9 17 t
1951 4042 30 17 ors
1988 4039 44 18 with
2039 4045 34 11 one
2081 4039 98 21 exception.
2212 4039 9 17 I
2236 4045 40 15 may
2288 4041 46 15 state
2347 4039 41 17 that
2396 4039 9 17 I
2414 4039 45 15 have

167 4062 34 17 and
209 4063 27 15 his
244 4070 18 8 ee
309 4065 63 17 '•"u
393 4057 1 32 .
404 4057 2 32 •
309 4057 2 32 .
324 4071 41 13 smri
377 4057 4 32 .
389 4074 19 9 :,s
413 4068 20 17 he
441 4068 33 17 hal
482 4074 22 11 tin
511 4068 53 17 amnia
572 4068 21 17 he
600 4069 63 18 belies,
672 4071 37 18 l•al
722 4057 2 32 •
901 4070 115 14 EXECUTIVE
1031 4057 1 32 •
1075 4071 8 8 ••
1306 4057 1 32 .
1320 4065 44 19 clety
1371 4068 17 11 113
1396 4063 43 15 Shall
1447 4063 19 15 he
1473 4067 43 15 Op`ill
1522 4063 18 14 tO
1547 4062 28 15 the
1583 4057 92 19 eurffineut
1693 4058 17 17 of
1726 4064 32 14 .y
1775 4058 103 20 non-society
1889 4057 2 32 •
1912 4058 7 6 '

1903 4064 21 18 be
1955 4067 43 14 eery
2006 4062 73 18 anxious
2086 4062 40 17 that
2139 4061 20 18 th
2171 4067 8 11 s
2202 4063 58 21 report

2161 4067 12 12 e.
2180 4067 8 12 e
2202 4067 41 18 repo
2262 4068 7 11 s
2283 4062 44 17 shoti
2372 4067 18 12 m
2394 4067 9 12 e
2427 4065 33 13 ten
2328 4061 18 18 Id
2359 4061 34 18 h•
2415 4061 11 18 b
2485 4050 47 17 Gore
2541 4048 86 18 secomled
2634 4048 32 18 the
2674 4048 74 19 motiom
2758 4045 59 19 which
2830 4052 37 11 was
2880 4045 77 21 opposed
2966 4044 25 21 by
3004 4045 34 15 Mr.
3051 4044 1 40 I

1239 4087 41 18 It,-
1289 4085 6 18 I
1367 4084 14 14 111
1389 4083 40 15 :Well
1436 4082 93 20 Vlrticutur
1535 4081 53 18 trade,
1602 4080 87 17 according
1696 4081 18 14 to
1720 4078 31 17 the
1757 4080 65 19 present
1835 4078 43 15 rules
1889 4067 2 38 '
1926 4069 21 12 ea
1985 4081 7 4 -
2485 4071 98 20 Goldsmid,
2593 4070 39 19 who
2647 4069 69 24 arguel
2730 4070 43 18 that
2789 4069 13 18 it
2819 4074 34 12 was
2874 4068 18 18 be
2968 4067 72 18 neither
3051 4067 2 38 !

844 4111 72 17 s'ounea
927 4117 14 9 ',i
941 4097 5 31 .
946 4117 15 9 e.,
970 4111 41 17 held
1020 4117 15 11 :.:
1051 4119 9 8 s.
1278 4097 2 31 '
1411 4097 2 31 •
1430 4097 4 31 I
1462 4097 2 31 •
1498 4097 5 31 I
1540 4101 13 15 T
1577 4101 22 14 1-
1618 4101 13 14 I
1646 4097 1 31 :
1661 4097 14 17 no
1675 4097 8 17 -
1729 4098 28 15 •ti
1767 4103 7 9 s
1796 4098 20 15 th
1861 4102 17 11 re

1159 4100 1 24 .
1183 4117 13 4 ~.
1211 4111 33 12 -,.
1260 4100 1 24 s
1279 4100 2 24 .
1332 4100 4 24 •
1346 4100 5 24 -
1365 4109 13 8 7:'
1387 4104 41 13 •elt
1436 4107 14 11 es
1457 4106 39 14 legit
1504 4106 20 11 or
1554 4106 21 11 ra•
1583 4104 18 11 es
1628 4104 32 11 aim
1697 4100 46 14 Some
1757 4104 8 9 e
1776 4100 4 24 ,
1817 4103 27 9 ere
1851 4102 9 11 a
1890 4100 1 24 ,

1217 4083 1 41 •
1260 4083 2 41 .
1281 4083 1 41 ,
1889 4083 2 41 i
1903 4087 38 18 hid
1946 4087 60 18 before
2014 4085 31 18 the
2054 4083 60 19 House
2122 4084 20 18 at
2150 4090 22 11 an
2181 4084 63 18 earlier
2252 4084 70 22 perMa:
2335 4084 30 18 tot
2373 4084 14 18 it
2396 4090 34 11 wg,
2441 4089 19 11 SA
2516 4083 5 41 .

2494 4101 27 12 on
2533 4095 13 17 II
2571 4093 104 24 politicidly,
2683 4098 33 13 nor
2722 4091 103 22 financially
2831 4091 41 18 Heat
2880 4091 31 18 the
2919 4091 122 18 Government
3052 4091 2 25 I

1129 4124 2 1 -
1211 4124 2 1 -
1222 4124 2 1 -
1243 4124 1 1 -

1213 4136 34 4 ~
1264 4106 4 34 .
1278 4106 1 34 •
1344 4128 25 8 ~-
1396 4127 18 8 •••,
1423 4121 37 15 who
1468 4121 53 14 would
1530 4121 33 17 join
1576 4120 52 17 Grim,
1641 4119 32 14 but
1688 4117 40 19 they
1744 4122 28 9 arc
1789 4117 90 19 prevented
1890 4106 1 34 :
1903 4110 37 17 hte
1954 4110 19 15 in
1984 4109 31 15 the
2028 4113 43 18 year
2085 4108 58 17 before
2156 4108 9 17 I
2176 4113 50 12 came
2233 4108 38 19 hko
2280 4108 54 17 office.
2342 4108 41 17 that
2392 4107 9 18 I
2409 4106 52 19 could
2472 4106 2 34 .

624 4143 9 6 ~
640 4140 15 9 ~
664 4115 2 35 •
745 4133 7 13 \
774 4131 13 14 '..
803 4142 18 8 ~.
837 4131 27 18 for
874 4133 48 18 5t,750
935 4137 35 12 was
985 4133 44 18 dra'n
1067 4115 4 35 •
1116 4115 2 35 '
2578 4122 47 11 _nme
2634 4117 8 15 t
2656 4122 8 9 e
2672 4115 70 18 control
2750 4120 43 12 over
2798 4117 30 13 toe
2836 4120 27 11 rat
2871 4119 53 15 ways.
2957 4117 64 13 emoie

2472 4108 2 27 i
2486 4113 66 22 shoulif
2557 4108 11 25 ft
2568 4108 6 25 .
2574 4108 12 25 s.
2643 4111 9 21 h
2653 4111 11 21 .
2735 4115 6 17 1
2779 4108 2 27 ,
2807 4108 2 27 '
2858 4114 12 17 '1
2906 4119 12 4 -
2937 4113 18 18 H
3007 4108 4 27 •
3022 4113 11 17 d

1323 4126 2 30 -
1363 4126 2 30 -
1406 4142 12 8 ~•
1424 4141 14 13 in
1447 4126 5 30 •
1457 4143 39 11 over
1504 4143 39 12 age:
1563 4137 57 15 others
1635 4142 28 9 are
1680 4139 30 12 not
1726 4136 59 14 looked
1801 4140 44 14 npon
1861 4139 17 11 as
1904 4133 31 15 not
1944 4130 107 21 accomplish
2059 4130 46 15 what
2114 4129 51 17 Iliad
2174 4130 72 15 desired.
2265 4130 8 15 I
2282 4130 46 20 hope
2336 4130 40 15 that
2383 4130 77 15 another
2473 4126 1 30 •
3035 4126 4 30 t

612 4167 2 2 .
628 4167 1 2 .

646 4163 11 5 :,,
666 4162 25 7 ~
709 4163 6 2 ..
741 4152 65 17 imene,
813 4159 17 11 es
849 4153 18 17 in
886 4154 31 17 the
935 4154 77 18 blasting,
1033 4162 30 7 i•
1087 4137 2 34 '
1153 4162 7 2 -
1175 4137 1 34 •
1243 4137 2 34 '
1443 4152 6 2 -
2473 4143 32 15 ias
2513 4144 22 12 an
2544 4137 115 19 amendment
2665 4144 27 11 :-

1357 4152 1 25 :
1410 4160 40 13 ..-•,•:
1462 4163 15 9 -:.
1486 4163 14 8 •.•
1514 4152 2 25 I
1527 4156 79 19 eisdeady
1615 4156 11 14 f.
1651 4161 8 9 a
1667 4155 89 15 difference
1767 4155 51 14 about
1830 4154 50 15 offer-
1903 4159 44 18 year
1954 4153 11 17 I
1972 4152 46 18 shall
2027 4152 21 18 be
2055 4156 48 12 mont
2112 4152 98 18 fortunate.

422 4187 38 4 „..
469 4163 2 35 ,
517 4163 1 35 .
536 4163 2 35 ,
615 4182 7 8 .1
659 4163 2 35 .
690 4163 4 35 ,
703 4183 13 9 ..:
729 4163 2 35 ,
742 4173 26 17 1.111
774 4180 41 14 Ties
826 4180 44 13 were
878 4175 46 18 filied
932 4182 24 15 up
964 4179 28 15 tor
1000 4181 30 14 ot,.
1194 4163 2 35 ,
1230 4182 39 11 ,_,•
1276 4182 8 9 •I
1293 4163 1 35 -
1330 4163 2 35 .
1359 4163 2 35 ,
1393 4185 7 8 3
1400 4185 7 8 ,
1424 4179 7 14 y
1461 4179 11 13 •,-
1482 4163 1 35 ,
1496 4163 5 35 .
1519 4176 59 14 ,Ja-s,t.
1585 4176 43 14 form
1645 4180 8 11 a
1671 4179 39 15 very
1722 4174 45 19 large
1778 4173 50 18 boar,
1840 4176 39 15 very
1926 4176 109 18 FRIENDLY
2047 4174 170 18 SOCTETIES.-Mr.
2226 4174 50 22 Earp
2288 4174 56 18 Mked
2357 4173 32 19 the
2402 4173 59 19 Chem-
2472 4163 4 35 '

165 4195 18 19 hi
183 4195 9 19 s
202 4195 27 21 (Si
229 4195 9 21 r
247 4195 47 18 ,1,,,.-.
308 4196 89 17 .„e:la:s.
407 4204 9 11 1.
432 4202 8 12 :.
446 4165 2 54 '
464 4165 61 54 -1:-
563 4165 2 54 •
574 4205 13 8 .'.
596 4204 18 9 •'
621 4165 5 54 -
635 4205 8 8 a
696 4204 14 12 et
730 4165 1 54 i
742 4194 34 21 aay
785 4196 79 20 upwaras
873 4198 18 18 of
904 4198 47 21 forty
970 4199 69 17 laboh..
1890 4165 2 54 1

1119 4189 2 26 .
1168 4189 2 26 •
1191 4189 1 26 •
1218 4200 26 15 ~'.
1266 4189 2 26 •
1276 4189 2 26 .
1287 4207 7 8 -..
1329 4201 25 13 'a:
1381 4200 9 13 a
1402 4189 4 26 1
1472 4189 4 26 ,
1493 4201 17 9 -'.
1530 4199 15 12 et
1563 4195 47 15 times
1618 4194 17 15 of
1650 4194 70 18 strikes;
1731 4194 17 14 in
1756 4193 40 18 fact,
1804 4189 40 22 they
1851 4195 28 13 are

1891 4162 138 48 ,
2029 4162 834 48 eears.
2986 4156 54 14 world

2505 4162 43 14 That
2555 4161 30 15 the
2590 4160 80 20 purchase
2678 4159 17 22 ..f
2702 4159 28 15 thc
2739 4157 41 15 Irish
2789 4157 30 15 rail
2835 4157 4 24 •
2846 4157 4 24 .
2882 4157 4 24 .
2935 4167 17 4 ..,
2966 4167 14 4 ~.
3019 4157 4 24 ,

2473 4176 1 30 I
2486 4181 20 15 be
2513 4179 92 19 financially
2614 4178 109 19 inexpedient,
2730 4176 53 22 wonla
2790 4176 64 26 unaniy
2863 4176 65 15 enlarge
2939 4176 28 14 the

165 4219 45 21 able,
228 4225 21 11 ass.
250 4220 11 15 atei
294 4195 1 46 .
335 4220 15 15 -',
372 4220 33 15 i'S
417 4227 6 8 -.
441 4221 15 15 1.,
464 4227 15 9 v,
487 4225 71 12 egigten
574 4224 6 13 1
580 4224 12 13 ,,
609 4226 20 12 gs
646 4228 9 5 ..
702 4195 5 46 t
715 4195 5 46 ,
744 4221 46 13 'own
798 4224 21 11 on
829 4219 46 17 their
883 4225 37 17 way
930 4221 46 17 from
983 4221 13 17 N
996 4221 13 17 e
1009 4221 14 17 u
1030 4234 7 2 ..
1074 4195 2 46 .
1091 4195 1 46 -
1494 4195 4 46 -
1522 4215 66 14 ,'„'nlate
1596 4219 45 15 upon
1657 4214 15 14 in
1689 4214 48 14 times
1754 4212 18 17 of
1788 4217 8 11 a
1814 4211 66 19 general
1891 4195 1 46 '
1904 4198 56 19 cellor
1967 4198 19 18 of
1993 4196 33 19 the
2033 4196 106 21 Exchequer
2147 4195 14 19 if
2173 4196 15 18 it
2204 4196 58 19 would
2278 4196 20 19 be
2315 4198 106 18 convenient
2443 4198 19 17 to
2486 4205 30 11 see
2523 4200 18 15 of
2546 4199 28 17 the
2584 4198 115 18 Government,
2707 4196 32 15 and
2753 4201 79 14 serimmy
2841 4200 71 11 merease
2924 4195 28 14 the
2966 4199 77 15 pressure

167 4241 72 18 Flotsam
248 4248 9 8 ~
281 4248 7 2 -
324 4228 2 31 -
398 4228 4 31 '
441 4243 9 8 -•
475 4228 4 31 '
1531 4228 2 31 -
1589 4234 15 14 h'
1616 4234 11 14 h
1633 4233 33 14 her
1687 4233 51 15 taken
1753 4232 47 19 place
1814 4228 21 18 ist
1851 4231 30 15 the

260 4248 9 8 l.
330 4248 72 9 ..-:.
411 4217 4 45 ,
423 4248 11 9 :.
441 4248 9 9 a
462 4243 26 17 his
497 4248 40 11 men
546 4243 35 17 :Ind
595 4248 27 11 ,e,•
635 4243 11 15 f,
651 4248 12 7 a-
696 4217 4 45 -
746 4243 26 12 :al-
780 4245 19 9 as
806 4240 51 17 could
865 4241 20 15 be
894 4241 85 20 gathered
986 4241 46 18 frow
1044 4217 2 45 :
1109 4250 37 8 -..,
1156 4217 1 45 .
1168 4217 2 45 •
1189 4217 2 45 .
1215 4250 15 7 •.•
1243 4245 26 12 :.
1284 4217 4 45 :
1393 4217 4 45 '
1467 4217 1 45 '
1486 4241 13 7 •••
1515 4239 50 9 --a.'
1573 4238 14 11 .
1602 4238 13 11 .
1904 4221 11 17 b
1928 4217 2 45 •
1967 4217 4 45 •
2017 4220 32 18 till
2081 4219 6 18 I
1916 4227 43 15 nng
1965 4227 20 11 In
1993 4226 41 12 au
2062 4225 19 12 re
2089 4221 51 19 atmg
2152 4220 20 17 to
2191 4219 86 22 Friendly
2296 4219 85 18 SociMies
2400 4219 61 18 before
2473 4218 31 20 'of
2511 4219 72 15 imaness
2590 4218 15 15 in
2615 4217 105 15 Parliament.

1395 4250 1 21 •
1444 4250 1 21 •
1496 4250 1 21 '
1545 4250 4 21 i
1574 4257 9 11 u
1592 4256 39 15 very
1638 4252 39 18 long
1700 4254 19 12 so
1734 4250 69 19 regaras
1809 4250 59 15 details
1876 4250 4 21 ;

164 4264 38 17 self.
228 4264 20 17 11.
248 4264 7 17 ,
265 4271 7 8 ,•
282 4274 21 2 •.
321 4233 1 53 '
343 4233 1 53 -
393 4266 24 14 -•-•.
432 4270 30 15 :er
472 4265 51 17 week
534 4270 37 11 was
583 4264 63 22 plenty
664 4269 26 5 •.•
711 4233 1 53 ,
746 4265 8 9 ,
765 4260 48 17 •ither
822 4261 30 17 the
860 4261 76 19 farmers
943 4269 33 12 nor
983 4264 30 17 lal,
1026 4271 7 9 e
1069 4233 4 53 .
1162 4254 18 7 ''
1215 4233 2 53 •
1383 4261 15 8 ',.
1473 4233 2 53 -
1482 4233 4 53 -
1513 4261 18 6 ~,
1552 4233 51 53 we
1680 4233 26 53 ,
1731 4233 306 53 Whitsuntide,
2046 4244 20 15 at
2070 4241 59 18 which
2141 4241 44 18 time
2202 4241 85 18 members
2303 4241 41 19 field
2361 4241 98 20 important
2473 4233 2 53 '
2486 4237 96 19 -Colonel
2590 4235 98 19 Bartellott
2695 4234 86 19 seconded
2790 4234 31 18 the
2828 4234 73 17 motion.
2913 4233 39 17 The
2959 4233 83 21 qoestion

165 4286 73 17 lalteez-••
248 4293 7 9 3
380 4254 1 53 :
389 4254 2 53 '
400 4287 56 20 oeght
463 4287 39 18 that
508 4287 51 17 those
566 4287 40 18 who
612 4293 35 11 w...
665 4294 7 9 .3
713 4286 70 18 t:on
793 4285 18 13 to
819 4281 39 19 give
865 4289 45 17 {illy.
932 4284 37 17 Tie
978 4285 30 17 fo,
1246 4276 105 13 -•:--.a
1363 4254 2 53 •
1371 4254 2 53 .
1398 4280 6 8 :
1440 4254 1 53 :
1526 4254 2 53 -
1537 4280 6 2 -
1548 4271 84 19 expressed
1641 4274 40 11 were
1688 4270 38 15 that
1734 4270 28 15 the
1770 4267 110 20 stthserMtiou
1905 4266 89 21 meetings
2007 4264 91 22 affording
2113 4263 105 18 favoetrable
2233 4264 131 22 opportunities
2374 4263 28 18 for
2421 4269 40 12 con-
2473 4254 2 53 ,
2487 4267 44 15 gave
2536 4261 35 17 rise
2577 4260 19 15 to
2602 4259 58 20 along
2665 4258 70 20 debate,
2743 4257 17 18 in
2766 4257 57 18 which
2828 4256 45 19 both
2877 4256 28 18 Sir
2911 4256 27 18 M.
2944 4254 25 18 H.
2975 4254 66 20 Beach,
3054 4254 1 53 ,

1199 4278 1 32 •
1293 4278 2 32 •
1325 4289 27 18 _
1352 4278 1 32 .
1380 4278 2 32 ,
1457 4278 1 32 .
1487 4278 2 32 .
1508 4278 1 32 .
1522 4292 28 14 :el
1559 4290 37 17 that
1609 4294 11 11 a
1630 4289 67 17 Central
1713 4289 98 15 Committee
1821 4287 60 14 should
1906 4287 79 22 sidering
1993 4293 35 15 any
2036 4286 86 21 proposed
2132 4286 77 21 changes
2218 4287 18 17 in
2241 4287 32 17 the
2278 4287 33 17 law
2320 4286 86 20 affecting
2414 4286 47 17 their
2487 4284 30 17 the
2526 4283 92 20 Secretary
2627 4280 28 18 for
2662 4280 78 20 Ireland,
2748 4279 35 18 and
2792 4279 30 17 the
2832 4278 79 22 Marquis
2924 4278 19 15 of
2955 4278 77 17 H.irting-

165 4315 46 12 awai-
221 4317 8 7 e
256 4300 2 31 :
312 4317 37 8 :-,
363 4316 11 8 w
379 4310 20 17 atl
415 4310 69 21 spared.
496 4316 22 12 an
543 4310 40 18 that
596 4316 26 11 we
639 4317 11 9 e
686 4300 2 31 I
719 4300 1 31 ,
748 4303 27 17 ~.1
783 4306 26 7 --
819 4304 53 22 That,
879 4305 98 18 consider:::
987 4300 2 31 -
1018 4313 32 9 '.•
2926 4300 2 31 .
2943 4300 21 2 ...

1202 4318 1 1 .
1261 4318 2 1 .

1095 4306 2 20 .
1120 4306 1 20 ,
1384 4306 2 20 :
1410 4306 1 20 •
1447 4313 11 13 7.
1489 4306 1 20 :
1517 4306 2 20 .
1556 4306 5 20 l
1572 4310 38 15 that
1628 4309 145 17 communictitions
1791 4306 58 17 should
1861 4306 19 15 be

167 4337 26 12 iv:
198 4338 30 9 ••:
234 4299 2 52 •
255 4299 2 52 ,
306 4338 15 4 ••
347 4338 8 7 ',
364 4339 12 11 :••
384 4339 31 12 InIO
422 4332 21 19 Of
454 4332 32 19 the
493 4332 63 19 Intim
585 4332 20 19 In
620 4332 41 18 ITI!•
690 4339 30 9 ,1...
748 4326 100 18 ""'ltletilellt
867 4326 19 19 of
905 4328 31 18 the
956 4336 26 14 ILI•
992 4335 9 11 -7
1028 4338 6 8 ••
1050 4332 14 15 1,
1072 4299 1 52 :
1085 4299 4 52 •
1906 4310 151 19 interests.-The
2062 4309 106 18 Chancellor
2176 4309 19 18 of
2202 4309 32 18 the
2238 4309 105 22 Exchequer
2348 4307 69 22 replied
2422 4309 39 18 that
2487 4307 31 17 ton
2528 4304 77 22 opposed
2611 4303 31 18 the
2650 4302 72 18 motion.
2746 4302 30 18 On
2790 4300 31 19 the
2838 4300 60 18 blouse
2911 4299 35 18 dirt
2956 4306 40 11 :::.g.
3012 4304 30 12 t,.,•

1906 4333 31 19 the
2024 4332 35 19 fth
2083 4332 8 6 '
2098 4322 2 31 -
2143 4322 4 31 '
2169 4322 2 31 '
2280 4322 2 31 •
2311 4332 11 18 h
2341 4330 37 20 hand
2378 4330 9 20 :
2387 4330 9 20 -
2418 4331 8 18 f
2440 4331 6 17 1
2474 4322 1 31 •
2526 4322 4 31 •
2593 4322 5 31 -
2626 4322 4 31 •
2652 4325 31 18 ted
2695 4325 21 18 th
2758 4324 30 18 mb
2794 4330 6 12 ,
2800 4330 7 12 r
2807 4330 7 12 -
2824 4322 104 19 he'no-fet
2939 4324 18 11 ",'
2988 4322 2 31 -
3028 4326 11 7 -•

1944 4336 60 20 report
2013 4339 11 13 o
2062 4339 8 11 e
2079 4336 148 14 ls/mmesloners
2235 4338 34 12 was
2278 4332 31 18 int
2323 4339 74 11 es
2406 4333 33 17 ot
2447 4337 14 11 le
2489 4332 65 14 meamn
2563 4332 35 13 was
2604 4331 47 18 rejec
2683 4330 4 26 ,
2717 4330 40 13 enu
2789 4330 7 12 t
2807 4332 8 9 s
2848 4330 6 11 1
2868 4343 7 2 _

167 4355 27 17 wl.,
210 4343 2 34 ,
230 4343 1 34 ,
274 4343 2 34 .
317 4343 2 34 ,
330 4362 38 9 dell.
378 4357 30 15 the
416 4356 84 17 labourer
508 4356 41 21 only
559 4358 30 19 got
598 4356 81 21 9s.perw,
679 4356 9 21 -
689 4356 32 21 ,k,
732 4343 1 34 :
746 4349 98 19 labourers,
852 4349 38 18 this
904 4356 100 13 committee
1026 4358 40 12 -tr.-
1080 4359 13 12 vi
1401 4352 25 11 ,-
1434 4343 2 34 -
1460 4355 11 7 -•
1492 4351 24 14 .1:
1520 4349 104 17 e•ntinghom,
1631 4348 110 17 Manchester,
1749 4343 51 21 Ghee
1828 4343 4 34 ,
1848 4345 33 15 and

167 4376 26 17 but
203 4383 37 9 :•,
261 4352 4 43 •
282 4352 1 43 '
313 4382 28 12 :lot
357 4378 58 17 worth
428 4384 19 11 so
462 4378 53 17 llnteh
523 4384 20 11 no
552 4378 31 17 the
596 4378 124 17 Lincolnshire
732 4352 1 43 !
746 4370 57 17 whole
811 4371 18 15 of
839 4371 31 17 the
878 4376 39 12 men
925 4371 61 19 Mcked
994 4378 31 13 out
1035 4376 19 15 M
1063 4380 18 12 t,.
1106 4352 1 43 ,
1337 4352 2 43 -
1406 4375 19 4 •-
1452 4352 1 43 •
1514 4352 2 43 -
1521 4352 1 43 .
1532 4368 54 14 t.3:131:
1594 4368 44 14 them
1646 4369 18 12 to
1671 4368 93 17 eo-Operate
1770 4365 17 14 in
1793 4365 30 14 the
1828 4369 53 11 move-
1906 4357 84 21 Printers,
2000 4356 35 17 and
2043 4356 21 15 he
2074 4355 56 21 hoped
2139 4355 14 17 it
2161 4355 59 17 would
2235 4355 22 17 be
2267 4355 17 17 in
2295 4355 31 18 the
2340 4355 45 17 hand
2385 4355 12 17 ,
2405 4354 19 18 of
2432 4354 31 18 the
2474 4352 1 43 ,
2487 4352 38 17 211.

1207 4378 57 18 :striet
1278 4384 7 11 T.
1364 4370 1409 27 .•
3054 4359 2 38 I

169 4397 24 18 did
200 4407 8 7 •
208 4407 9 7 7
217 4407 9 7 ,
237 4410 20 6 ...
296 4401 26 15 110
332 4398 58 18 Weida
398 4400 46 17 have
454 4406 45 12 none
506 4400 20 18 of
537 4400 28 18 his
574 4404 41 13 men
622 4400 66 20 belong
700 4403 20 13 to
732 4376 2 67 I
746 4391 53 22 apply
808 4394 19 15 to
835 4391 31 18 the
875 4393 58 18 Board
941 4394 18 17 of
969 4395 99 17 Guardians
1081 4376 5 67 7
1401 4390 47 13 i-,
1524 4391 18 9 .1=
1548 4387 37 14 rir9t
1598 4384 66 15 mooted
1682 4384 21 19 by
1719 4384 30 14 the
1765 4384 83 19 engineers
1864 4383 18 15 in
1907 4378 59 22 public
1975 4378 18 17 in
2001 4378 31 17 the
2039 4383 63 12 aourse
2109 4376 19 17 of
2135 4382 12 12 a
2156 4377 54 17 week.
2233 4377 39 17 Her
2281 4377 96 21 Majesty's
2378 4377 84 60 Govern'the
202 4422 69 17 union
270 4421 27 18 for
307 4422 21 17 lie
335 4421 53 18 itould
397 4427 76 17 manage
481 4422 51 17 them
539 4422 78 18 without
624 4422 31 18 the
666 4422 54 17 inter-
732 4376 1 67 I
834 4428 41 12 TliE
888 4428 83 14 FXR.MEE
985 4430 40 13 ANI•
1041 4431 9 12 77
1056 4376 2 67 '
1065 4376 5 67 .--
1893 4376 1 67 I
1907 4403 48 14 went
1964 4400 34 18 had
2008 4401 31 17 not
2048 4401 30 15 vet
2086 4398 35 17 had
2130 4404 22 11 an
2165 4398 117 22 opportunity
2295 4398 19 18 of
2328 4398 113 18 considering
2453 4382 605 32 a'l

2944 4404 99 22 Montague

1311 4406 2 48 I
1348 4431 45 19 THE
1406 4431 67 18 LYONS
1486 4430 50 17 SILK
1556 4427 138 19 TEADE.-The
1713 4426 52 19 trade
1783 4426 20 18 of
1822 4426 59 22 Lyons
1893 4406 1 48 '
1907 4423 32 18 bill
1946 4428 24 12 on
1978 4422 37 17 this
2024 4417 74 26 subject,
2113 4420 33 18 but
2159 4420 21 18 he
2194 4420 58 22 hoped
2264 4422 19 17 to
2291 4421 21 17 be
2328 4420 40 18 able
2376 4421 20 17 to
2408 4420 54 18 intro-
2474 4406 2 48 !
2511 4411 35 19 Mr.
2559 4410 54 26 Cross
2633 4409 32 17 has
2681 4407 94 22 appointed
2794 4407 37 18 Mr.
2848 4406 32 28 Edw
2880 4406 11 28 ,
2890 4406 34 28 ard

3056 4420 1 9 ,

168 4441 64 21 ference
240 4444 18 18 of
270 4450 74 17 anyone.
378 4443 28 20 lie
415 4443 67 20 widted
490 4444 48 19 them
548 4449 20 14 to
575 4444 21 19 be
609 4444 19 19 in
640 4444 79 19 snhordi-
767 4447 30 18 On
806 4446 73 22 Friday,
894 4447 67 18 notices
969 4454 15 11 w
1193 4462 9 9 7.
1235 4455 32 18 lwr
1279 4454 20 19 of
1326 4455 40 19 does
1376 4455 32 18 not
1416 4460 17 17 'l
1447 4459 35 13 scar
1491 4452 48 19 lobe
1552 4452 19 18 in
1589 4456 11 13 a
1611 4456 43 18 very
1667 4450 105 22 flourishing
1783 4449 98 19 condition.
1893 4428 2 48 '
1907 4446 45 19 dnee
1959 4450 12 13 a
1982 4443 33 20 bill
2023 4450 43 13 soon
2074 4443 47 18 after
2130 4443 130 19 Whitounti,te.
2272 4443 131 21 Whitsuntide,
2409 4442 54 19 being
2474 4428 2 48 '
2556 4433 20 18 IN
2581 4431 40 19 elbv
2641 4430 19 19 of
2679 4430 31 18 the
2730 4430 76 18 Mollie,.
2819 4435 44 12 nenr
2882 4428 47 21 Sheffi
2929 4428 8 21 ,
2937 4428 33 21 :hi,
2978 4434 21 12 as
3012 4428 32 18 the
3056 4428 1 48 .

2489 4435 54 18 Earle
2610 4435 5 19 .
2623 4435 4 19 ,

167 4468 57 17 nation
231 4469 19 17 to
257 4468 38 17 him
305 4475 19 11 as
333 4468 21 18 he
363 4475 37 9 was
407 4469 7 17 t
420 4474 7 9 3
433 4468 27 18 his
474 4469 80 20 superior
563 4469 66 17 officers
639 4469 52 17 when
700 4468 18 18 in
746 4469 46 19 fitrm
806 4469 92 18 labourers
913 4469 18 18 in
950 4469 31 19 the
1000 4476 11 12 u
1024 4450 4 39 I
2489 4456 110 25 stipendiary
2611 4454 105 22 magistrate
2730 4454 27 18 for
2769 4453 39 18 that
2820 4452 86 22 borough.
2920 4450 19 19 in
2952 4450 31 19 the
2994 4456 48 13 room
3056 4450 2 39 ,

167 4488 26 18 the
239 4495 8 15 .
247 4495 8 15 -
320 4491 9 18 ,
338 4478 8 33 t
354 4478 8 33 4
389 4491 59 18 Ultima
480 4491 34 17 ritia
548 4491 41 18 !nets
604 4491 37 18 him
646 4492 52 17 down
732 4478 1 33 I
746 4493 11 17 1'
768 4493 25 17 to
876 4492 20 17 In
906 4496 47 12 some
967 4493 27 15 in,
1005 4478 6 26 2
1011 4478 14 26 :-
1031 4488 15 15 --

1055 4462 4 41 '
1072 4496 11 7 --
1205 4479 46 20 Gnu
1272 4479 27 17 St.
1311 4462 2 41 i
1326 4478 69 18 Consul
1403 4476 70 19 Marks.
1483 4476 18 17 in
1509 4476 28 17 his
1551 4474 113 18 commercial
1677 4475 60 20 report
1752 4479 22 12 on
1782 4472 99 18 Marseilles
1907 4476 24 11 an
1939 4469 99 21 important
2054 4467 43 18 fime
2117 4466 28 18 for
2161 4467 31 17 the
2209 4467 74 22 holding
2303 4467 19 18 of
2339 4467 87 20 meetincs
2445 4462 19 20 Of

2489 4482 19 17 of
2520 4481 33 15 Mr.
2561 4479 19 18 J.
2589 4479 21 24 R.
2619 4476 63 19 Davis.
2704 4476 39 18 The
2750 4476 59 20 salary
2818 4476 14 17 is
2843 4476 25 18 ,kl
2868 4476 8 18 e
2876 4476 33 18 tioo
2919 4481 31 14 per
2957 4480 48 15 year.
3056 4473 2 30 !

168 4515 13 11 W
182 4517 25 12 ere
217 4518 17 11 so
242 4513 28 15 lon
278 4513 6 15 1
301 4513 41 17 Out
356 4513 30 17 Sir
397 4513 50 17 John
461 4513 52 17 could
527 4515 32 14 not
574 4513 22 17 be
612 4513 56 17 heora
683 4519 37 15 any
731 4504 2 31 I
746 4521 39 11 men
803 4514 35 17 and
855 4513 61 18 talked
930 4519 43 12 over
987 4515 30 15 the
1033 4504 4 31 •
1046 4504 1 31 .
1072 4504 4 31 •
1175 4504 2 31 '
1204 4511 25 5 •-•
1269 4506 21 18 •-‘
1312 4504 1 31 '
1333 4506 14 11 '
1348 4506 15 11 e
1371 4506 11 15 F
1391 4505 13 17 P
1404 4505 28 17 ''
1443 4505 14 11 e•
1467 4508 8 14 •
1475 4508 18 14 7.
1500 4504 7 15 3
1507 4504 7 15 '
1514 4504 7 15 .
1545 4504 4 31 '

996 4495 50 14 t'''-"
1045 4495 8 14 -
1074 4488 2 30 -
1116 4488 2 30 '
1165 4488 1 30 •
1204 4502 56 13 --tt
1279 4500 91 18 ar'ltl
1415 4500 26 15 't
1459 4499 6 17 I
1485 4496 120 19 ei--tlatit'
1625 4495 84 19 doubtful
1719 4495 13 17 if
1740 4495 60 20 Lyons
1809 4495 14 17 is
1833 4494 48 17 held-
1894 4488 1 30 .
1909 4491 86 21 Friendly
2003 4489 91 19 Societies,
2102 4495 11 12 a
2121 4491 60 19 report
2189 4489 35 17 had
2238 4489 45 18 been
2320 4489 51 18 tel
2385 4488 79 18 contain.

170 4531 12 18 lo
196 4540 9 7 ,
207 4538 21 17 u,r.
237 4534 33 19 and
281 4534 15 18 :.,
312 4540 25 13 :et
347 4535 30 18 rol
386 4534 46 19 from
441 4534 32 19 the
487 4534 151 22 platform.-Mr.
656 4534 64 19 T,sver.
731 4531 2 30 I
746 4535 70 25 Special
834 4535 89 24 Reporter
935 4534 20 19 of
970 4535 32 18 the
1015 4532 12 21 Y'
1026 4532 6 21 -
1032 4532 6 21 '
1162 4531 1 30 •
1182 4531 1 30 '
1215 4534 12 2 -
1235 4531 2 30 '

1058 4502 4 35 '
1082 4502 2 35 -
1137 4502 1 35 •
1159 4526 8 4 -
1209 4527 22 7 -rs
1266 4521 22 17 Itt
1294 4519 20 14 II
1473 4502 4 35 •
1509 4522 12 14 't
1530 4520 20 15 th
1556 4502 5 35 t
1591 4521 25 14 t-
1641 4502 4 35 '
1670 4518 48 17 I't
1730 4517 18 18 II
1786 4519 35 15 tco
1863 4515 13 18 t'
1909 4514 32 20 ing
1948 4513 25 17 :al
1980 4513 31 17 the
2016 4511 172 18 recommendations
2194 4511 204 18 oftheCommissioners
2406 4515 14 11 so
2433 4508 31 19 nut
2476 4502 2 35 '
2512 4508 43 17 THE
2572 4506 113 17 LIcHFIELD
2709 4502 53 18 COCK
2789 4502 102 18 FIGHTING
2914 4502 58 17 C.t.E.
2979 4509 22 5 -
3007 4502 38 17 The
3057 4502 1 35 ,

1291 4528 6 9 i
1313 4521 1 21 .
1328 4528 32 14 ing
1368 4521 5 21 1
1384 4528 7 11 s
1400 4527 39 11 own
1448 4526 64 15 agams
1552 4525 61 11 3acis
1618 4525 9 11 e
1641 4524 30 11 am
1691 4524 19 11 m
1720 4524 8 11 e
1744 4522 40 15 igen
1822 4521 39 15 mpe
1872 4521 11 11 1.

1094 4524 4 38 '
1104 4524 1 38 '
1162 4524 2 38 '
1175 4524 1 38 '
1219 4543 19 19 id
1250 4543 52 19 these
1326 4544 40 18 Hon
1372 4543 20 19 of
1401 4541 117 20 Switurland
1527 4541 34 19 and
1572 4540 80 19 Rhenish
1659 4540 79 19 Pntssia.
1772 4539 38 18 The
1818 4539 35 17 rise
1866 4538 18 18 in
1896 4535 35 19 :be
1941 4534 58 19 issued
2006 4534 20 18 in
2034 4540 11 11 a
2053 4533 107 19 convenient
2169 4532 46 19 form
2228 4533 30 18 for
2272 4533 31 18 the
2315 4533 118 18 convenience
2446 4531 19 18 of
2491 4528 71 19 seindrd
2571 4526 97 19 connected
2676 4525 44 18 with
2732 4525 31 18 the
2771 4525 37 17 Clue
2818 4524 11 18 Is
2868 4524 129 22 cock-fighting
3005 4528 40 13 case
3057 4524 2 38 !

171 4554 54 22 ingtou
233 4558 38 18 said
279 4558 21 18 he
309 4565 35 12 was
353 4558 58 22 proud
419 4559 48 18 lobe
483 4559 19 18 in
519 4559 31 18 the
563 4564 86 17 eompanv
661 4558 20 18 ef
696 4564 24 12 an
731 4554 2 27 I
746 4560 103 19 interviews
865 4559 34 18 and
927 4558 34 18 iv•es
971 4565 22 11 an
1002 4560 26 17 iut
1041 4567 7 9 ,•
1071 4554 1 27 •
1085 4554 2 27 -
1204 4554 1 27 .
1227 4554 2 27 ,

171 4577 46 21 M•P.,
227 4581 33 18 and
270 4581 39 18 ',lad
320 4584 18 15 It
346 4581 37 18 find
392 4581 22 18 he
420 4587 34 12 was
464 4581 44 18 such
516 4587 11 12 a
535 4580 46 22 piod
591 4578 83 21 sort.l,et
689 4587 9 11 n
731 4570 2 39 ,
782 4570 2 39 '
809 4570 2 39 '
852 4574 28 26 'h'
893 4581 11 19 h
944 4581 12 9 '-
981 4581 6 18 I
1024 4570 9 17 ''.
1062 4570 5 39 -
1124 4570 1 39 -
1165 4570 1 39 '
702 4587 18 12 it-
731 4570 2 39 ,
745 4585 92 17 versatten
846 4587 45 13 wlc
913 4585 43 14 too.
970 4587 12 17 p
989 4587 30 20 ac..•
1029 4570 2 39 -
1051 4570 2 39 1

1070 4594 6 19 ~
1096 4591 2 22 _
1114 4591 13 11 :.
1153 4591 2 22 :
1166 4600 18 4 ~.

1173 4571 17 11 :.
1200 4546 4 41 '
1218 4569 31 14 t.
1260 4572 41 11 con.
1313 4546 1 41 '
1328 4573 65 14 wages,
1401 4567 31 17 the
1440 4565 104 22 cou3MMly
1560 4565 100 21 inenasing
1678 4563 131 18 fasti.lmeness
1817 4561 26 19 •of
1854 4561 30 18 the
1911 4559 92 21 meetings.
2491 4554 31 17 1,,,-
2536 4550 76 22 oeireely
2621 4548 40 19 died
2673 4550 31 18 out
2717 4547 45 19 from
2776 4547 31 19 the
2819 4552 79 17 memory
2911 4547 20 17 of
2942 4546 32 18 the
2986 4546 59 22 public
3057 4546 2 41 I

172 4599 104 21 tommat,ly'.
296 4605 20 13 ',
322 4593 5 27 •
356 4593 4 27 -
376 4593 5 27 •
498 4593 4 27 .
621 4593 5 27 '
677 4593 5 27 •

260 4604 4 22 .
287 4609 24 12 LI.
318 4611 18 11 le
345 4611 44 11 weie
399 4610 20 12 so
428 4610 54 17 many
491 4605 34 17 bad
534 4610 48 11 ones.
596 4605 26 15 fli
633 4604 35 17 lia,l
676 4605 44 15 been
745 4606 93 19 labourers
861 4605 31 17 the
908 4604 66 18 former

1211 4593 7 11 e
1226 4587 35 18 and
1276 4589 26 17 his
1313 4569 2 38 ,
1328 4594 70 12 weaver
1406 4594 19 12 as
1433 4591 20 15 th
1461 4589 30 17 the
1500 4592 65 14 nnture
1573 4587 19 17 of
1602 4587 31 18 the
1641 4587 48 17 work
1696 4586 22 18 be
1730 4586 37 17 will
1779 4584 105 20 undertake,
1932 4581 130 18 WORKSHOrS
2074 4580 106 18 Acr.-Mr.
2189 4579 104 21 DalrymPle
2302 4579 56 18 a,lrea
2365 4579 32 18 the
2407 4578 22 17 11,
2439 4584 14 9 :::
2492 4583 8 5 •,
2532 4590 8 2 ..
2550 4580 11 9 e.
2561 4580 6 9 -
2567 4580 6 9 -
2585 4579 30 12 are
2626 4572 53 21 again
2691 4571 91 18 remindel
2787 4571 40 17 that
2837 4570 35 18 this
2882 4570 67 22 tater'y
2961 4569 85 19 brutalis-
3057 4569 4 38 I

1313 4604 2 9 1

174 4620 15 19 in
195 4623 87 20 Wiltih:ro
292 4626 60 21 lathly.
367 4626 35 18 ana
419 4626 53 18 heard
482 4626 19 17 of
513 4628 35 17 two
555 4626 78 17 fanners
643 4626 69 17 eotiriu,
731 4592 2 58 '
748 4592 4 58 1
751 4592 5 58 .
756 4592 5 58 1
828 4619 17 21 L'
957 4626 12 13 h
1031 4619 93 5 --''.
1160 4592 2 58 '
1188 4616 8 5 -
707 4632 12 14 g
731 4592 2 58 .
748 4635 54 15 .-ory.
811 4633 40 12 we°
866 4630 39 14 acts
921 4632 20 11 as
958 4632 74 11 _onora---
1032 4632 8 11 ,
1056 4592 5 58 -
1104 4592 2 58 •
1209 4616 59 15 al..ey,
1284 4610 19 17 of
1315 4592 1 58 ;
1328 4611 12 17 t
1339 4611 25 17 ma
1372 4612 31 14 the
1411 4610 46 17 hard
1465 4610 37 17 aml
1514 4610 37 17 fast
1565 4610 37 17 line
1612 4609 19 18 of
1644 4609 51 18 tariff
1706 4607 72 21 applied
1789 4610 20 15 to
1835 4606 50 17 bour.
1897 4592 1 58 '
1911 4605 93 20 Secretary
2013 4603 58 17 arbetts
2099 4602 27 18 his
2135 4602 90 18 attention
2233 4602 34 18 had
2281 4602 45 18 ben
2339 4602 50 18 call
2373 4600 21 18 el
2408 4604 19 13 to
2435 4600 19 15 ,t.
2493 4600 26 14 ',._
2533 4605 13 13 -,
2554 4600 26 13 ort
2589 4596 14 18 is
2613 4596 25 21 by
2644 4600 24 12 no
2679 4600 61 11 means
2752 4593 76 18 extinct.
2850 4593 43 17 This
2901 4592 44 18 time
2953 4592 31 18 the
2993 4598 52 12 scene
3058 4592 2 58 !

1028 4639 11 7 ••
1161 4615 4 38 .
1204 4636 19 12 '.e
1239 4631 64 21 newly.
1315 4615 1 38 ,
1329 4638 31 11 are
1368 4637 20 11 so
1396 4637 53 15 tunny
1457 4632 86 15 elements
1560 4632 19 15 in
1590 4631 64 15 favour
1667 4630 19 17 of
1698 4630 30 15 the
1741 4629 97 21 foreigner,
1851 4628 34 17 and
1897 4615 1 38 .
1911 4626 38 17 fact
1956 4626 41 15 that
2006 4625 31 17 the
2044 4625 77 17 nnmber
2128 4624 20 17 of
2163 4624 98 21 inspectors
2278 4624 56 17 nnaer
2350 4624 18 15 th.
2368 4624 6 15 -
2374 4624 6 15 -
2422 4622 8 17 ,
2437 4623 27 15 e':.
2493 4622 12 14 r.:
2505 4615 5 38 -
2523 4615 4 38 I
2535 4619 44 17 ~ttle
2585 4623 37 11 was
2635 4619 18 14 a
2661 4617 31 17 the
2700 4616 92 17 cathedre
2807 4619 48 13 town
2864 4615 19 18 of
2895 4615 93 18 Lichfield.
3012 4615 33 17 We
3058 4615 2 38 ,

184 4645 56 18 Otteir
248 4648 102 18 thousands.
359 4648 53 18 while
420 4649 44 21 they
477 4654 46 12 were
537 4648 41 21 Only
594 4648 26 21 gis
626 4648 31 18 ing
672 4648 48 18 their
731 4644 2 26 t
746 4650 70 17 formed
826 4650 51 15 West
893 4648 73 18 Suffolk
984 4648 44 18 Fars
1039 4644 1 26 •
1093 4644 1 26 '
1119 4644 2 26 -
1131 4644 2 26 '
1204 4644 2 26 '
1241 4644 2 26 '
1269 4644 4 26 '
1329 4644 44 4 -

176 4663 32 18 Isl.
260 4637 4 44 .
1028 4662 7 2 --
1061 4637 78 44 --•-
1154 4637 1 44 •
1183 4652 120 19 A-oesation,
1316 4637 1 44 •
1330 4652 169 20 stumbling-blocks
1508 4655 19 13 to
1535 4652 30 17 the
1574 4652 98 20 Lyonnese.
1708 4651 30 17 'No
1744 4651 57 15 doubt
1809 4655 20 12 so
1837 4650 50 19 large
1897 4637 2 44 •
1912 4648 52 20 shops
1972 4648 37 17 Act
2016 4652 35 11 was
2061 4645 38 18 still
2111 4645 102 20 altogether
2226 4645 106 20 inaleqnate
2341 4646 19 15 th
2375 4649 52 15 carry
2435 4649 6 8 4'
2448 4648 53 11 --,:.
2519 4637 1 44 •
2529 4637 5 44 1
2546 4637 25 44 11.
2580 4637 9 44 t
2613 4639 32 17 the
2652 4638 91 19 audience,
2756 4637 94 17 estimated
2864 4637 74 21 roughly
2952 4641 19 12 at
2983 4642 11 11 a
3002 4637 45 15 bun-
3059 4637 1 44 '

208 4672 44 13 unto
261 4671 24 15 ,D.
295 4676 28 11 'el•
333 4671 53 18 week.
412 4670 17 18 If
441 4671 44 17 they
493 4670 41 22 pabl
543 4671 50 17 them
602 4671 30 17 bet
677 4670 43 18 they
731 4665 2 27 1
770 4671 27 19 df
809 4678 9 11 r
824 4677 11 12 n
865 4671 26 18 los
909 4676 18 13 en
981 4675 51 12 ar3
1042 4665 1 27 ,
1054 4670 6 8 '
1069 4665 2 27 -

176 4689 48 19 would
231 4691 19 19 be
257 4687 40 25 al-li;
304 4697 19 14 to
331 4694 31 19 lir(
374 4695 39 18 !tett
426 4701 7 11 r
452 4689 35 24 Ind
497 4700 20 13 so
526 4694 20 19 be
555 4694 60 19 hetttr
630 4678 5 34 1
699 4689 12 9 ''.
731 4678 12 33 l
743 4678 25 33 an

797 4678 9 12 a
820 4677 5 33 '
839 4678 7 12 '
854 4677 6 33 c
860 4677 12 33 'r
883 4677 18 12 -c

928 4676 5 12 '
944 4676 5 12 .
994 4676 8 12 c
1015 4678 6 8 ':

1070 4684 7 2 -
1169 4680 1 20 '
1179 4680 11 20 :.

1220 4675 9 20 '
1230 4675 11 20 ,
1240 4675 64 20 remedy
1316 4658 1 38 !
1330 4674 37 18 and
1374 4674 89 18 educated
1470 4678 22 13 an
1501 4674 84 22 industry
1593 4675 66 17 cannot
1668 4671 33 20 fall
1710 4672 18 18 in
1736 4678 11 12 a
1755 4671 35 21 day
1796 4658 4 38 ;
1809 4671 33 18 but
1851 4676 35 13 errs
1911 4669 24 18 its
1944 4674 40 18 Imo;
1989 4668 60 21 isMns,
2054 4667 37 19 and
2098 4667 80 18 whether
2186 4668 21 17 he
2216 4667 85 18 intended
2294 4667 24 18 It
2334 4667 51 18 make
2393 4671 37 15 any
2438 4665 28 17 a.l-
2529 4658 5 38 '
2548 4662 35 17 aba
2591 4661 47 21 fifty,
2644 4665 34 12 was
2687 4658 99 21 eminently
2794 4658 112 18 aristocratic
2937 4658 58 17 Noble
2999 4658 48 17 kr&
3059 4658 2 38 -

299 4717 34 19 hn.l.

348 4701 8 35 n
357 4701 9 35 `
366 4701 19 35 k,
397 4701 18 20 .e
415 4701 9 20 .
433 4709 6 13 j
452 4701 4 35 .
497 4701 2 35 .

593 4700 11 22 .3
622 4700 6 12 I
635 4700 34 12 l.m.
690 4697 31 14 Sir
731 4680 2 46 ,
745 4698 41 17 --at
796 4696 52 19 West
859 4695 76 30 -horP,et
957 4693 39 30 The
1004 4693 27 19 lals
1031 4693 7 19 ,
1038 4693 28 19 ••,-
1080 4704 15 7 ..
1113 4696 45 18 1,..
1167 4706 8 8 :,
1187 4680 1 46 •
1206 4696 59 18 -vrites
1274 4696 31 18 the
1316 4680 2 46 ,
1331 4697 57 22 Minis
1396 4697 15 18 it
1420 4697 14 18 i,
1443 4703 47 12 more
1499 4703 21 12 a
1533 4697 6 18 l
1540 4703 28 12 e.
1580 4696 124 21 undermined,
1719 4696 37 18 and
1763 4695 31 19 the
1802 4694 57 19 result
1871 4694 17 19 is
1912 4691 57 20 dition
1977 4693 19 18 to
2004 4691 31 19 the
2043 4691 76 19 number
2127 4690 19 19 of
2154 4691 99 21 inspectors
2269 4690 54 18 &mine
2323 4690 12 18 -
2350 4689 31 19 the
2393 4694 35 18 pres
2428 4694 9 18 ,
2445 4689 22 17 sit
2494 4691 45 13 w're
2552 4685 77 22 present.
2644 4682 35 19 and
2696 4683 66 21 county
2776 4681 78 19 families
2865 4685 46 13 were
2930 4680 40 19 well
2989 4685 58 18 Terre.
3059 4680 2 46 !

397 4717 5 26 I
420 4721 37 15 huts
467 4721 19 15 to
494 4724 24 12 tto
526 4724 18 12 ON
548 4724 19 12 er
579 4717 28 19 Ins
622 4720 59 17 estate
694 4724 24 12 on
731 4717 2 26 1
745 4723 86 20 repOrter,
841 4719 83 19 followed
932 4724 22 12 no

946 4733 6 4 ,
961 4720 40 17 into
1010 4724 11 11 a
1030 4717 41 18 Ime_.
1071 4717 8 18 ,
1089 4717 4 19 -
1116 4724 7 6 ~

177 4731 59 25 Sunk,
236 4731 12 25 :
260 4736 20 20 he
293 4741 24 15 It
311 4741 6 15 l
326 4727 26 32 !loi
352 4727 14 32 s.
372 4724 8 34 6
380 4724 9 34 '
458 4741 12 18 h
1153 4721 17 17 M.
1187 4726 30 11 •.o
1231 4719 74 18 bailiff's
1332 4724 11 4 ••
1350 4726 24 12 no
1520 4720 81 18 Another
1615 4719 70 19 feature
1700 4719 18 18 in
1727 4719 31 19 the
1766 4719 51 19 trade
1830 4704 8 54 i
1846 4704 8 54 3
1863 4704 25 54 the
1912 4715 107 22 year.-Mr.
2028 4715 54 18 Cross
2089 4714 67 24 replied
2167 4714 39 18 that
2215 4714 99 18 addifional
2323 4714 99 21 inspectors
2432 4711 35 18 had
2480 4704 2 54 .
2597 4708 60 18 There
2668 4709 48 15 must
2730 4704 45 20 have
2786 4704 44 20 been
2844 4704 53 19 much
2909 4704 105 19 remissness
3025 4710 24 13 on
3060 4704 1 54 I

178 4755 38 17 ivith
228 4750 80 26 Itini-s•-‘
320 4763 6 14 I
377 4747 48 12 -now
441 4748 15 8 w
471 4742 51 17 ether
537 4741 22 18 he
572 4743 12 14 m
583 4743 12 14 e
595 4743 39 14 nnt
647 4743 19 14 to
679 4741 41 25 dine
731 4728 2 50 I
745 4743 60 20 house,
814 4742 38 18 and
859 4741 51 19 stood
918 4747 21 12 or
947 4743 34 19 :tta,
991 4747 19 11 as
1019 4741 24 15 th.
1051 4743 48 18 't•.•
1117 4728 1 50 .
1146 4742 33 15 ::::.-
1188 4728 2 50 -
1196 4728 1 50 .
1222 4741 39 17 One
1270 4746 35 12 was
1332 4742 79 18 transfer
1419 4743 20 17 of
1446 4743 32 15 the
1493 4742 56 18 looms
1563 4742 48 17 from
1626 4742 31 15 the
1672 4743 58 14 towns
1744 4743 19 14 to
1772 4741 32 17 the
1811 4742 78 19 country
1913 4739 45 18 been
1967 4737 102 22 appointed,
2078 4737 35 18 and
2128 4743 22 12 an
2164 4737 102 17 endeavour
2277 4736 59 18 would
2348 4736 22 17 be
2383 4735 52 18 made
2450 4736 20 15 to
2494 4734 31 17 the
2537 4735 41 20 part
2585 4731 19 18 of
2616 4730 31 18 the
2655 4730 54 21 police
2717 4730 20 17 to
2743 4729 44 17 all.ww
2786 4729 8 17 ,
2806 4729 37 17 this
2967 4730 21 15 to
2999 4734 50 11 come
3060 4728 1 50 I

180 4776 26 17 ton
215 4776 2 18 ,
233 4779 18 8 ~..,

257 4775 26 24 ~,,-
295 4769 13 9 ~•
317 4746 5 53 '
330 4763 17 17 oh
346 4763 8 17 ,
354 4763 8 17 t
372 4746 4 53 i
391 4765 41 17 Yes.
442 4763 13 18 ff
464 4769 34 15 you
507 4763 103 18 like.-Mr.
624 4763 31 17 I.-
666 4769 9 11 ,
681 4769 38 14 mg-
745 4770 11 12 a
764 4765 54 18 h‘aot
827 4765 56 18 obout
891 4763 27 18 ltl.
941 4763 59 17 Three
1007 4763 20 17 of
1041 4746 5 53 t
1072 4769 14 8 ~:
1098 4767 46 12 --t
1154 4763 28 17 1.2-
1182 4763 7 17 -
1189 4763 8 17 e
1206 4762 45 18 been
1260 4763 46 15 close
1318 4746 1 53 •
1333 4769 6 9 i
1345 4763 22 21 ill
1368 4763 40 21 ttgeA
1420 4763 39 20 adja
1459 4763 30 20 cen
1488 4763 21 20 t.
1524 4763 11 17 w
1534 4763 12 17 h
1546 4763 24 17 et
1570 4763 12 17 ,
1593 4763 58 20 Jiving
1665 4766 46 14 cost,3
1728 4763 41 19 1,,,,
1785 4762 24 17 an
1808 4762 13 17 d
1830 4762 12 17 w
1841 4762 47 17 here
1899 4746 2 53 !
1912 4760 89 17 facilitlac
2009 4760 20 17 lb
2031 4766 8 11 e
2049 4760 93 20 discharge
2150 4757 19 19 of
2181 4759 58 17 duties
2248 4759 24 20 by
2280 4759 31 17 the
2319 4760 72 19 present
2400 4756 43 17 staff
2451 4756 19 17 of
2494 4756 31 17 off.
2533 4754 35 17 and
2577 4754 31 17 the
2616 4753 45 17 least
2670 4752 41 21 they
2720 4756 33 12 ctm
2761 4756 40 12 new
2809 4750 22 18 ao
2839 4750 14 18 is
2867 4750 57 18 totay
2935 4748 57 19 flan&
3001 4756 47 14 upon
3060 4746 2 53 i

180 4787 21 28 „,_
201 4787 7 28 ,
208 4787 53 28 ,,,,Aa.
280 4787 9 14 'A
301 4791 39 15 yom
357 4786 93 18 de.-The
467 4786 33 21 mee
500 4786 22 21 ti
522 4786 24 21 ng
561 4785 57 19 broke
635 4792 22 15 up
676 4791 43 17 very
731 4791 37 19 lon
777 4788 21 17 GO
806 4792 52 18 years
866 4786 38 19 old-
926 4785 40 18 One
973 4791 37 12 was
1019 4785 25 18 th,
1058 4791 20 17 i:,
1085 4791 56 11 ...-...•.
1154 4785 27 18 rk.
1205 4783 9 19 S
1214 4783 9 19 e
1224 4783 53 19 veral
1289 4783 19 18 of
1332 4786 31 17 the
1371 4789 70 13 weaver
1449 4787 51 17 orca
1502 4785 69 18 onibine
1579 4783 96 27 fie_leffent
1683 4783 47 19 loom
1739 4783 48 19 work
1798 4782 37 19 and
1843 4782 46 19 sobe
1899 4768 2 47 I
1913 4781 89 21 inspector
2002 4781 11 21 ,
2031 4781 38 17 The
2078 4781 71 21 subject
2156 4780 20 17 of
2183 4780 85 17 factorie.
2276 4780 35 17 and
2320 4779 103 21 workshops
2432 4782 37 13 was
2494 4776 32 18 the
2533 4776 89 17 offenders
2652 4774 34 17 We
2701 4773 54 17 await
2771 4773 31 17 the
2817 4772 63 18 result.
2904 4768 35 21 iM
2953 4772 14 17 if
2978 4776 26 13 we
3017 4776 32 13 can
3061 4768 1 47 ;

180 4806 18 15 Or
202 4806 44 17 tent,
254 4806 27 17 but
288 4812 24 13 we
320 4813 64 14 eanoos
394 4815 7 17 ,
402 4815 8 17 o
410 4815 17 17 ,„
433 4808 11 20 w
444 4808 12 20 h
456 4808 24 20 et
480 4808 12 20 h
491 4808 24 20 er
531 4808 11 19 t
542 4808 11 19 h
553 4808 11 19 e
570 4808 11 19 h
581 4808 21 19 on
602 4808 11 19 .
622 4808 52 19 ine-mb
674 4808 8 19 ,
683 4808 37 19 er's
731 4786 2 46 I
745 4811 48 18 them
803 4809 43 19 took
855 4809 40 22 part
904 4808 19 19 in
931 4808 32 19 the
971 4808 131 19 conversaths:.
1137 4812 6 13 t
1153 4813 32 12 one
1192 4806 19 19 of
1219 4807 31 18 the
1259 4812 48 13 more
1332 4808 74 18 content
1415 4807 44 18 with
1467 4807 35 18 less
1514 4812 58 17 wages
1586 4808 45 17 Mtn
1642 4813 20 11 In
1677 4808 64 17 towns.
1775 4806 51 18 hulls
1828 4806 14 17 is
1843 4796 12 30 -
1854 4796 35 30 way
1915 4802 57 19 under
1980 4794 28 27 con
2008 4794 9 27 -
2017 4794 99 27 siderafiom
2259 4786 4 46 .
2372 4786 2 46 '
2417 4793 6 2 -
2461 4792 7 2 -
2496 4798 73 19 succeed
2577 4798 18 18 in
2604 4788 91 31 stamping
2704 4796 32 18 out
2747 4786 135 31 cock-fighting.
2896 4794 47 17 what
2957 4799 31 12 are
2999 4793 51 18 these
3061 4786 1 46 I

181 4821 74 21 invitatio
255 4821 8 21 n
270 4834 31 12 was
309 4837 33 12 are,
361 4834 6 7 •
384 4817 5 39 1
746 4834 103 21 intelligent
862 4839 37 11 was
911 4832 32 18 the
957 4831 73 24 general
1046 4832 45 24 ,yo:-:.
1091 4832 6 24 ,
1097 4832 60 24 --_.:i.,.
1188 4830 24 22 Th
1212 4830 47 22 roug
1259 4830 12 22 h
1271 4830 24 22 ou
1294 4830 13 22 t
1333 4835 47 13 some
1398 4831 63 18 Immo°
1473 4830 11 18 l
1483 4830 46 18 ooms
1541 4830 46 18 have
1594 4828 65 19 within
1667 4828 32 18 the
1706 4828 35 18 Last
1749 4828 34 18 few
1795 4834 52 15 years
1856 4828 33 17 left
1936 4830 45 19 THE
1993 4831 105 18 AMENDED
2109 4830 113 18 LICENSING
2236 4830 41 18 ACT
2290 4833 25 13 OF
2323 4833 41 12 THE
2375 4828 94 17 GOVERN.
2496 4828 41 12 men
2549 4821 19 18 of
2580 4820 46 22 good
2633 4819 64 22 family
2711 4818 37 18 and
2756 4824 65 17 savage
2833 4821 56 13 tastes
2898 4819 20 15 to
2926 4817 22 18 do
2955 4819 6 15 j
2985 4817 18 18 A
3011 4821 39 15 seg.
3061 4817 1 39 '

745 4857 31 18 the
790 4854 94 20 interview
893 4854 44 22 they
945 4859 46 13 were
1004 4854 86 21 perfectly
1102 4869 7 2 _
1121 4839 1 38 ,
1142 4839 4 38 ,
1163 4853 12 18 h
1175 4853 73 18 umoure
1248 4853 13 18 d
1272 4852 24 18 an
1296 4852 12 18 d
1333 4854 11 21 L
1344 4854 56 21 yons,
1416 4852 24 18 an
1440 4852 12 18 a
1468 4852 11 17 w
1479 4852 11 17 i
1489 4852 11 17 t
1500 4852 11 17 h
1519 4852 8 17 t
1527 4852 25 17 h,,
1552 4852 8 17 a
1560 4852 8 17 ,
1584 4851 45 17 have
1638 4857 45 17 gone
1693 4851 9 17 t
1702 4851 11 17 h
1713 4851 11 17 e
1735 4851 21 21 ma
1756 4851 11 21 j
1767 4851 21 21 or
1788 4851 33 21 ity
1830 4850 19 18 of
1859 4850 30 18 the
1900 4839 2 38 ,
1915 4853 124 17 MENT.-Mr.
2048 4853 59 17 Crass,
2117 4852 20 17 in
2145 4852 102 17 committee
2255 4851 19 18 of
2285 4851 32 17 the
2330 4850 57 18 whole
2404 4850 66 20 House,
2497 4845 70 21 gestion
2575 4848 58 13 comes
2641 4845 20 15 to
2678 4848 19 11 us
2706 4841 47 18 from
2761 4840 92 18 Portland.
2877 4840 81 21 Scarcely
2968 4845 11 11 a
2987 4839 63 17 month
3061 4839 1 38 I

745 4880 47 18 civil.
817 4879 59 18 There
883 4884 37 11 was
928 4883 22 12 no
959 4877 79 18 defiance
1046 4877 33 18 orb
1089 4877 21 17 :ii
1124 4881 15 12 ::
1140 4881 8 12 ,
1148 4881 8 12 a
1156 4881 17 12 3s
1182 4881 20 12 or
1207 4874 30 24 jee
1237 4874 9 24 r
1246 4874 31 24 ing
1285 4880 22 12 on
1319 4861 2 37 '
1333 4877 11 21 j
1344 4877 112 21 ourneymen.
1470 4874 13 18 w
1483 4874 13 18 h
1496 4874 13 18 o
1522 4873 12 18 h
1534 4873 13 18 e
1548 4874 9 20 -
1558 4874 9 20 0
1567 4874 40 20 ,-A,
1622 4879 46 12 were
1681 4879 14 12 „:„
1695 4861 5 37 0
1716 4878 24 13 nu
1740 4878 12 13 m
1752 4878 60 13 erous
1824 4872 35 18 and
1871 4877 19 12 so
1915 4880 39 13 rose
1963 4877 9 15 t
1972 4877 9 15 o
1990 4880 50 12 move
2048 4874 9 17 f
2057 4874 20 17 or
2083 4874 9 17 l
2093 4874 43 17 eave
2143 4876 9 15 t
2152 4876 9 15 o
2169 4874 11 20 b
2179 4874 11 20 r
2190 4874 11 20 i
2200 4874 22 20 ng
2232 4874 9 15 i
2242 4874 9 15 n
2263 4879 11 11 a
2285 4873 33 17 bill
2331 4876 9 14 t
2341 4876 11 14 o
2365 4872 13 18 a
2378 4872 52 18 mend
2441 4872 31 17 the
2497 4873 39 11 now
2545 4867 66 20 elapse,
2621 4865 76 18 without
2705 4863 79 18 horrible
2796 4863 64 18 details
2872 4863 19 18 of
2903 4867 9 12 a
2929 4861 85 18 skirmish
3022 4861 28 18 be-
3061 4861 1 37 ,

745 4902 47 18 thea
802 4902 43 20 side,
855 4900 33 18 but
901 4906 11 12 a
920 4900 61 21 manly
991 4899 111 20 self-n•sp,a
1126 4899 37 17 -.l,:
1162 4899 7 17 c
1169 4899 8 17 h
1193 4898 26 17 ma
1219 4898 13 17 d
1232 4898 13 17 e
1259 4897 15 18 it
1274 4897 17 18 se
1291 4897 17 18 lf
1333 4900 83 17 compact
1426 4903 9 12 a
1443 4897 12 22 b
1455 4897 12 22 o
1467 4897 12 22 d
1479 4897 12 22 y
1496 4902 66 17 among
1571 4896 9 18 t
1580 4896 11 18 h
1591 4896 11 18 e
1615 4900 73 13 wenrers
1688 4900 11 13 .
1731 4894 112 21 Workshop,
1856 4893 34 19 for-
1902 4884 1 38 I
1915 4897 97 21 Licensing
2020 4897 35 17 Act
2065 4896 19 18 of
2095 4896 48 18 187..
2180 4896 27 18 He
2224 4894 38 19 said
2276 4894 14 18 if
2302 4894 30 18 the
2348 4894 122 18 Government
2497 4893 58 13 tween
2563 4889 80 18 convicts
2663 4887 35 17 and
2718 4886 84 17 warden.
2826 4887 14 13 A
2856 4885 50 21 sight
2913 4884 19 18 of
2943 4884 51 18 these
3005 4889 38 17 spec-

745 4924 34 19 felt
787 4906 5 39 ;
807 4924 35 18 and
857 4923 15 19 it
889 4923 37 18 will
943 4923 20 18 be
981 4928 43 12 seen
1037 4920 40 19 that
1094 4920 47 19 !Lir
1157 4919 64 24 replies
1237 4919 72 19 showed
1320 4906 1 39 I
1333 4917 58 26 merry
1404 4919 20 19 of
1437 4919 51 24 eight
1505 4925 21 12 or
1538 4918 64 19 twelve
1616 4918 57 18 looms
1685 4923 40 13 now
1739 4917 79 22 scarcely
1826 4916 64 18 exceed
1916 4919 38 18 Bill
1959 4918 33 18 did
2000 4919 32 17 not
2040 4919 47 17 meet
2100 4918 31 18 the
2145 4918 65 18 wishes
2218 4917 19 18 of
2248 4917 32 18 the
2288 4916 103 19 committee
2406 4917 15 17 it
2435 4922 38 12 was
2498 4911 56 19 tacks
2563 4910 59 19 would
2637 4910 21 17 be
2673 4909 65 18 almost
2750 4913 48 13 more
2815 4907 124 21 invigorating
2953 4906 45 17 than
3017 4911 35 15 any
3061 4906 1 39 ,

745 4954 24 13 no
791 4948 48 18 little
867 4945 112 20 shrewdness
1010 4945 37 19 and
1076 4944 124 25 au.reciation
1228 4943 20 19 of
1277 4943 32 18 the
1320 4926 1 43 1
1333 4944 48 21 four,
1391 4943 35 19 and
1436 4943 51 18 these
1499 4948 31 13 are
1547 4941 72 19 worked
1628 4941 22 24 by
1658 4941 31 18 the
1698 4943 66 15 master
1772 4939 73 19 himself
1856 4939 35 19 and
1902 4926 2 43 .
1916 4944 11 17 n
1926 4944 21 17 ot
1956 4941 30 19 for
1993 4943 48 15 want
2050 4939 19 19 of
2080 4941 63 18 advice
2150 4939 47 19 from
2202 4941 26 18 all
2233 4945 76 13 manner
2316 4939 19 19 of
2343 4942 9 21 q
2353 4942 80 21 uarters,
2440 4945 33 13 nor
2499 4933 70 19 combat
2577 4936 20 17 to
2608 4932 31 19 the
2644 4931 56 19 death
2709 4931 81 18 between
2806 4933 35 14 two
2857 4928 122 25 half-Plucked
2995 4928 58 18 cocks.
3061 4926 1 43 '

745 4971 60 24 points
836 4971 39 21 just
898 4975 40 13 now
961 4969 19 18 in
1003 4969 53 17 issue.
1091 4968 56 18 Their
1169 4967 97 24 employer,
1289 4965 20 19 of
1320 4951 1 44 I
1333 4968 30 18 his
1371 4965 105 19 immediate
1483 4965 86 19 relations
1578 4965 20 18 to
1605 4965 31 18 the
1644 4964 93 19 exclusion
1744 4963 20 19 of
1770 4964 32 17 the
1809 4963 81 22 journey.
1902 4951 2 44 I
1917 4965 30 19 for
1954 4965 32 18 the
1993 4964 45 19 need
2044 4964 21 18 of
2075 4964 119 18 information
2207 4963 11 19 f
2218 4963 32 19 urn
2250 4963 11 19 i
2261 4963 11 19 s
2271 4963 11 19 h
2282 4963 11 19 e
2293 4963 11 19 d
2315 4964 12 15 h
2327 4964 12 15 r
2353 4963 21 18 th
2374 4963 11 18 e
2398 4963 11 21 d
2408 4963 11 21 e
2419 4963 11 21 p
2430 4963 11 21 o
2440 4963 32 21 t,.
2486 4951 1 44 •
2500 4958 38 17 The
2546 4956 81 19 landlord
2636 4956 19 18 of
2667 4956 31 17 the
2713 4954 57 22 Eagle
2785 4954 77 18 Tavern.
2880 4952 92 20 Portland,
2988 4951 15 18 is
3019 4951 35 18 eri-
3061 4951 1 44 ,

745 5000 69 17 cmsne,
843 4993 70 25 opened
941 4991 32 20 the
1002 4991 96 19 converse:li
1097 4991 9 19 ,
1116 4997 6 12 1.
1122 4974 4 44 -
1126 4997 7 12 ..
1175 4990 30 19 He
1232 4989 40 19 said
1281 4998 27 7 ,-
1320 4974 1 44 I
1333 4996 47 13 men.
1416 4989 38 18 The
1462 4991 76 17 country
1544 4988 57 18 looms
1607 4988 39 18 also
1654 4987 96 19 intraluce
1756 4985 65 19 female
1830 4985 63 19 labour
1902 4974 4 44 I
1916 4988 56 24 lions,
1980 4987 20 19 of
2010 4987 58 18 which
2076 4987 44 18 both
2130 4987 21 18 he
2159 4987 35 18 nna
2203 4987 27 18 his
2246 4987 112 18 breacceszos-
2368 4985 33 18 hal
2412 4974 5 44 i
2425 4974 5 44 •
2430 4974 5 44 -
2434 4984 6 18 '
2440 4984 6 18 ,
2446 4984 6 18 l
2465 4991 11 11 a
2502 4981 20 18 1117
2522 4974 5 44 •
2526 4981 22 18 11t1
2571 4980 61 22 trying
2641 4982 19 14 to
2668 4978 46 18 hook
2727 4984 9 9 a
2745 4977 34 17 few
2789 4976 112 18 mristbcratie
2909 4977 78 20 patrens.
2996 4974 28 18 for
3033 4974 22 18 he
3061 4974 1 44 I

780 5017 46 18 have
834 5022 50 13 come
891 5016 44 18 here
943 5022 22 11 on
984 5021 22 11 an
1025 5021 28 15 sm]
1063 4998 5 38 I
1068 4998 5 38 ,
1080 5022 19 8 as
1113 5019 19 13 at
1150 5014 8 17 '
1159 5014 8 17 ,
1167 5014 70 17 lainess•
1276 5011 33 19 We
1320 4998 1 38 I
1335 5014 39 18 into
1382 5013 31 18 the
1421 5011 37 19 silk
1466 5007 132 24 manitfacture.
1609 5011 35 17 ana
1657 5011 19 17 in
1685 5011 35 17 this
1730 5011 70 20 respect
1817 5015 31 12 are
1859 5008 32 19 fel-
1903 4998 2 38 :
1917 5011 81 18 number.
2033 5010 86 18 Without
2132 5010 78 17 dilat'eg
2284 5016 8 7 ,
2304 5016 12 5 3-
2324 5010 20 15 i'--
2355 5009 17 15 sf
2387 5009 37 15 as-,
2434 5009 14 15 ::.
2457 5015 19 8 --.
2502 5004 30 17 aii
2537 5004 40 15 -a-tis
2577 5004 7 15 ,
2593 5013 6 5 •
2608 5003 26 17 1,:-
2644 5001 106 17 •.-.Mi,..hou
2751 5001 9 17 ,
2780 5000 30 17 v.-it
2810 5000 6 17 ,
2816 5000 6 17 ,
2836 4998 19 18 th
2864 4998 2 38 •
2880 4998 84 18 ~.:,I^li!.,
2970 4998 84 17 1,a.1i1,.

781 5047 11 4 -
806 5047 6 9 ,
831 5031 32 27 f...
872 5031 7 27 1
887 5031 31 27 that
928 5044 25 12 v.,
963 5043 40 13 um''
1003 5043 11 13 ,
1022 5042 6 13 t
1049 5031 4 27 '
1061 5037 21 17 ft,
1111 5031 4 27 .
1128 5037 28 21 ..;'1
1169 5037 6 19 .
1175 5037 18 19 --.
1193 5037 18 19 14,
1221 5042 18 12 -o
1256 5035 52 18 nx.,11
1320 5031 1 27 i
1335 5036 57 18 1,-,v,1
1407 5036 25 14 1,
1447 5035 31 18 tl,
1494 5034 17 22 1.
1511 5034 17 22 ,,
1527 5034 94 22 xv,r-1,,,..
1643 5033 58 18 wh'.,:•la
1717 5039 30 12 aro
1765 5039 12 15 s:
1785 5031 72 22 ringing

1863 5037 7 19 .
1870 5037 22 19 tup
1918 5040 46 12 nes,.
1972 5033 21 18 he
2002 5033 37 18 had
2046 5035 19 15 ta
2074 5035 34 15 stns.
2108 5035 7 15 ,
2137 5033 39 18 ti..•
2193 5026 1 31 -
2200 5026 2 31 •
2228 5033 27 9 '•-
2264 5026 2 31 •
2278 5026 2 31 '
2293 5037 25 6 -
2392 5026 4 31 .
2933 5026 2 31 .
2947 5026 5 31 _
2989 5026 8 12 ..
3005 5028 8 9 -.
3030 5027 21 11 ~.,

266 4864 19 11 .
451 4870 37 12 SHE
517 4869 100 13 ti.ounEne.

200 4874 53 20 rud'r

259 4880 17 18 th
275 4880 8 18 '
376 4886 52 19 a•linLT
436 4887 31 17 tbe
475 4887 66 21 speeba
549 4887 139 21 eorregonjtent
702 4886 18 17 of

183 4900 8 11 a
198 4897 64 21 Newark
436 4910 40 17 nit
485 4910 40 22 paid
536 4909 22 18 by
572 4910 38 17 him
619 4910 89 17 t,nr,tt-

184 4916 24 21 ing
214 4920 18 17 of
240 4922 80 22 laboan.r.,
328 4931 17 14 rt.
353 4930 116 19 l'olibllzhatn.

213 4943 34 19 One
255 4948 15 17 of
283 4954 24 12 On
314 4958 35 9 CTH
352 4958 6 15 I
374 4954 18 17 oi
406 4959 8 11 ii
450 4955 76 18 SAVAhO.
586 4961 20 11 lik
676 4961 19 11 vu
700 4956 19 17 to

187 4965 26 15 I*,
219 4968 30 17 and
255 4969 31 17 Ind,
292 4968 25 21 ...1.
325 4976 18 15 t..
672 4988 7 4 -
689 4978 30 17 the

190 4981 120 30 Phiithttl
526 5001 28 17 tho
563 5002 17 15 I,
674 4981 2 37 :
689 5002 30 15 the

0 5264 390 81 Aibil.-..___

2571 2870 85 17 HOUSE
2668 2870 32 17 OF
2712 2869 201 18 LORDS.—TcEsney

2491 2904 61 17 PRIZE
2564 2903 76 17 MONEY
2653 2907 40 13 FOR
2701 2907 41 12 THE
2751 2902 115 17 ASHANTEE
2877 2898 146 19 FOIZCES.—The

2469 2926 53 18 Duke
2530 2926 19 18 of
2561 2924 102 18 Richmond
2670 2924 44 19 said,
2728 2924 52 17 while
2796 2923 77 21 wishing
2888 2924 20 15 to
2923 2922 54 17 avoid
2993 2922 31 17 the

2469 2948 67 18 unwise
2544 2947 96 22 precedent
2652 2947 19 17 of
2681 2946 119 18 distributing
2816 2944 48 22 prize
2877 2950 70 14 money,
2961 2943 15 18 it
2989 2949 37 11 was

2469 2969 91 20 intended,
2568 2969 44 17 with
2619 2969 31 18 the
2657 2969 74 17 consent
2740 2968 20 17 of
2771 2968 31 17 the
2810 2968 53 15 other
2872 2967 66 20 House,
2944 2966 40 17 that
2993 2966 31 17 the

2469 2998 64 17 money
2546 2991 92 18 extracted
2654 2991 47 18 from
2717 2991 32 18 the
2763 2989 52 21 King
2822 2989 20 18 of
2855 2989 92 17 Ashautee
2960 2988 24 20 by
2999 2988 30 17 Sir

2470 3015 71 17 Ganiet
2546 3013 92 21 Wolseley
2644 3013 61 17 before
2719 3013 32 17 the
2764 3012 83 21 drawing
2858 3017 24 17 up
2893 3011 20 18 of
2926 3009 32 18 the
2966 3012 60 19 treaty

2470 3035 37 19 and
2515 3035 100 22 indemnity
2624 3034 63 19 should
2695 3034 21 19 be
2722 3034 104 19 considered
2833 3040 19 11 a.
2861 3032 116 22 prize.—The
2983 3032 44 17 Earl

2470 3059 19 17 of
2502 3059 104 17 Carnarvon
2613 3058 60 17 stated
2681 3057 48 21 that,
2745 3057 19 18 in
2776 3056 113 21 recognition
2897 3054 20 18 of
2930 3054 31 18 the
2978 3054 40 17 valu-

2471 3080 39 19 able
2518 3080 77 18 services
2602 3079 87 19 rendered
2698 3079 24 21 by
2730 3079 31 17 the
2769 3078 76 18 colonial
2858 3077 109 22 expedition,
2982 3076 34 22 Cap-

2471 3103 39 19 tain
2518 3103 66 19 Glover
2593 3102 59 20 would
2659 3102 69 19 receive
2735 3100 32 19 the
2776 3100 14 19 0
2794 3100 43 18 mud
2845 3100 53 19 Cross
2903 3100 19 18 of
2933 3099 32 18 the
2970 3099 58 18 Order

2471 3128 19 18 of
2502 3128 26 18 St.
2537 3126 79 19 Michael
2624 3126 34 17 and
2667 3126 28 18 St.
2709 3126 76 19 George.
2802 3124 33 18 auil
2844 3124 77 21 Captain
2935 3122 90 19 Sartorios

2471 3150 37 17 and
2515 3150 32 17 the
2554 3149 52 17 other
2613 3148 70 18 officers
2696 3148 39 18 who
2750 3146 61 18 served
2828 3152 19 11 as
2855 3145 103 18 volunteers
2970 3145 58 17 under

2472 3171 37 17 him
2525 3171 58 17 would
2598 3171 69 15 receive
2680 3170 31 15 the
2726 3168 154 22 Companionship
2887 3168 19 17 of
2917 3168 31 17 the
2962 3167 64 18 Order.

2472 3193 39 19 The
2518 3193 53 18 noble
2580 3191 37 18 earl
2626 3191 57 18 added
2691 3191 40 18 that
2739 3191 22 17 he
2772 3190 79 20 thought
2865 3189 14 18 it
2893 3189 59 18 would
2959 3189 22 15 be
2989 3194 31 12 con-

2473 3216 70 18 sidered
2557 3214 89 19 desirable
2661 3214 43 17 that
2718 3215 31 15 the
2769 3213 61 21 colony
2850 3211 64 19 should
2926 3211 103 18 contribute

2473 3237 70 19 certain
2551 3237 90 18 moderate
2649 3237 106 17 allowances
2763 3236 19 17 iu
2790 3234 112 22 recognition
2914 3234 19 17 of
2950 3233 30 18 the
2992 3239 27 12 ser-

2473 3261 47 18 vices
2529 3259 86 19 rendered
2623 3259 21 22 by
2654 3259 31 18 the
2693 3257 58 19 forces
2764 3256 80 24 engaged
2852 3256 19 18 in
2878 3256 32 18 the
2917 3255 74 19 colonial
3000 3261 30 13 ex.

2469 3282 1 24 '
2474 3282 85 24 pedition.

2498 3306 120 17 EDUCATION
2643 3308 21 13 IN
2689 3304 73 18 RURAL
2786 3301 230 20 DlSTRlCTS—LordSid-

2476 3327 61 18 mouth
2545 3327 56 18 asked
2609 3327 31 17 the
2648 3327 123 17 Government
2779 3326 19 17 to
2806 3325 80 18 consider
2900 3324 32 18 the
2952 3322 78 22 existing

2476 3350 117 24 regulations,
2601 3348 35 27 and
2644 3348 14 19 if
2667 3348 129 22 necessarythe
2805 3348 117 20 Elementary
2927 3346 104 18 Education

2476 3374 40 19 Act,
2525 3373 44 17 with
2577 3378 12 11 a
2596 3378 45 11 view
2649 3374 20 14 to
2678 3372 90 17 facilitate
2776 3371 31 17 the
2817 3374 63 13 return
2888 3372 19 15 to
2915 3376 11 12 a
2934 3369 97 21 voluntary

2476 3399 66 18 system
2550 3394 19 17 in
2577 3393 48 18 rural
2634 3393 81 18 districts
2722 3393 59 17 which
2794 3392 37 17 had
2843 3391 47 18 tried
2909 3392 31 17 the
2959 3390 63 18 School-

2476 3417 57 17 board
2541 3418 67 19 system
2615 3416 37 17 and
2659 3415 58 18 found
2724 3415 15 18 it
2747 3417 20 15 to
2774 3413 39 20 fail,
2822 3413 35 17 and
2876 3417 20 13 to
2915 3413 70 20 modify
3001 3413 30 15 the

2476 3439 117 20 regirenwrits
2608 3444 20 11 as
2637 3437 85 21 regarded
2732 3436 59 18 school
2803 3435 152 18 RECOMMOlation
2969 3435 20 18 in
2996 3433 28 18 dis-

2476 3461 53 18 tricts
2537 3461 59 18 where
2604 3459 14 18 it
2627 3459 52 18 could
2687 3459 22 17 be
2717 3458 61 19 shown
2786 3458 41 18 that
2838 3458 31 17 the
2881 3457 104 21 population
2996 3457 35 17 had

2469 3478 1 27 ,
2477 3483 107 18 diminished
2593 3483 48 17 since
2648 3482 31 17 the
2687 3482 35 17 last
2731 3487 70 14 census,
2807 3480 37 19 and
2854 3480 38 18 still
2898 3478 66 19 tended
2972 3481 20 15 to
3004 3478 19 18 de-

2477 3504 126 20 crease—The
2611 3504 53 18 Duke
2673 3504 19 18 of
2700 3503 102 18 Richmond
2815 3502 38 17 said
2865 3503 31 17 the
2906 3502 128 20 Government,

2478 3535 19 11 AS
2505 3530 20 15 at
2533 3529 71 21 present
2613 3527 78 20 advised,
2701 3531 45 12 were
2760 3527 32 17 not
2800 3524 27 19 is
2828 3530 9 12 is
2846 3524 76 22 position
2936 3526 20 17 to
2968 3530 54 12 recom-

2478 3550 53 19 mend
2539 3556 22 12 an
2570 3550 97 17 alteration
2675 3550 20 17 of
2707 3549 32 17 the
2753 3548 116 25 Elementary
2884 3547 99 17 Education
2996 3546 35 18 Act

2479 3574 18 17 in
2505 3574 31 15 the
2544 3578 74 12 manner
2627 3570 73 22 pointed
2707 3573 20 15 to
2735 3570 22 21 by
2766 3570 31 17 the
2805 3573 89 18 queirtion.
2926 3569 18 17 It
2955 3575 35 11 was
3001 3569 33 17 the

2469 3589 1 30 ,
2479 3595 77 22 practice
2564 3596 20 15 at
2593 3595 72 20 present
2673 3595 19 15 to
2700 3592 87 24 modify
2787 3592 31 18 the
2838 3591 59 18 school
2913 3589 122 19 accommoda.

2479 3619 40 17 bon
2528 3620 19 15 to
2554 3617 130 22 requirements
2691 3615 19 19 in
2717 3614 81 20 districts
2812 3615 58 18 where
2885 3614 32 18 the
2930 3613 105 24 population

2480 3647 35 12 was
2525 3640 124 21 diminishing.

3112 541 142 24 GENERAL
3268 540 117 22 LABOUR
3399 537 91 24 NEWS.

3044 598 14 15 A
3069 599 48 19 large
3123 595 87 18 chemical
3219 600 86 17 company
3312 600 22 12 on
3339 593 34 18 the
3378 593 51 20 Tyne
3437 598 33 15 gay
3470 598 12 15 ,
3491 592 59 17 notice
3559 594 22 12 on

3021 619 90 21 Saturday
3119 618 20 18 of
3150 624 12 11 a
3169 618 94 17 reduction
3273 617 28 17 for
3309 617 31 17 the
3350 617 73 21 prn.,nt
3431 614 18 18 of
3458 618 31 13 kit
3498 613 83 21 percent.

3020 640 18 19 in
3047 641 30 18 the
3087 646 59 15 wagel.4
3155 640 19 19 of
3184 639 48 20 their
3239 639 106 22 employees.

3472 660 2 1 .
3529 660 6 1 .

3043 670 38 18 The
3084 670 109 17 arbitrators
3201 669 19 17 in
3228 667 32 18 the
3266 671 67 14 matter
3348 666 20 18 of
3379 672 11 11 a
3406 665 94 19 reduction
3516 663 19 17 of
3548 661 26 18 col-

3019 692 50 18 liers'
3078 698 58 14 wages
3144 692 19 17 in
3211 691 52 17 West
3273 691 69 20 Hiding
3350 696 22 11 on
3381 689 66 20 niday
3457 685 90 19 delivered
3556 691 22 11 an

3020 715 126 17 intermediate
3154 713 60 17 award
3223 712 19 18 of
3254 712 33 20 12i
3295 717 32 15 per
3334 716 48 13 cent.
3391 710 67 18 reds-t
3458 710 34 18 Mn.

3043 741 44 17 TYE
3097 739 110 18 TAILORS
3207 739 78 18 STRIKE
3296 743 26 13 AT
3334 737 37 18 LIT
3377 735 59 19 Elll`o
3436 735 9 19 ,
3445 735 39 19 7PL.
3484 735 9 19 —
3494 735 31 19 The
3531 732 38 18 half-

3019 769 59 18 penny
3086 769 32 18 per
3126 763 45 19 hour
3184 762 99 19 demanded
3296 762 24 17 he
3333 762 32 17 the
3379 759 65 18 tailors
3452 758 19 18 of
3484 756 94 24 Liverpool

3019 788 69 21 having
3096 788 44 17 been
3148 787 94 18 conceded.
3252 791 11 12 a
3270 785 57 17 strike
3337 784 32 18 has
3377 784 45 18 been
3433 782 80 19 averted.

3041 815 38 15 The
3089 815 83 15 Minerva
3181 814 47 15 Lead
3237 813 74 20 Mining
3318 813 98 19 Company,
3433 809 106 19 Wrexham,
3553 808 19 15 in-

3019 835 45 18 tend
3071 835 89 20 reducing
3167 835 32 17 the
3207 840 33 14 Iviy
3248 834 19 17 of
3280 834 71 15 snrface
3359 837 43 11 men
3410 831 24 17 be
3449 831 21 19 71
3488 835 33 15 per
3534 831 48 14 cent.

3019 857 19 17 It
3045 857 15 17 is
3069 856 39 18 said
3116 856 41 18 that
3165 856 31 18 the
3206 861 41 12 men
3254 854 38 18 will
3299 857 33 14 not
3340 859 65 15 oppose
3413 848 31 21 the
3452 850 102 18 rPanction.

3429 874 5 0 -

3041 883 58 17 About
3111 885 35 15 two
3158 882 81 18 hundred
3247 881 66 18 miners
3322 881 18 17 in
3348 881 31 17 the
3387 880 70 21 employ
3465 879 20 15 of
3495 878 32 17 the
3536 878 47 15 Silk.

3019 907 51 17 stone
3085 906 78 22 Colliery
3180 906 98 21 Company,
3293 906 19 14 at
3326 902 97 18 Pronf.eld,
3433 900 61 19 struck
3502 900 47 17 work
3559 905 24 11 on

3019 930 93 21 Monday
3112 930 18 15 in
3139 933 120 17 consequence
3268 927 18 15 of
3299 932 8 11 a
3318 926 69 21 disput,i
3399 926 54 15 about
3467 924 40 17 coal
3517 922 56 21 weigh-

3019 952 37 20 ing.

3040 978 39 17 The
3087 978 72 18 coUjera
3167 978 18 15 in
3193 978 31 15 the
3233 977 106 19 Accrington
3348 974 69 17 district
3425 973 45 18 have
3480 972 79 17 nisolved
3565 972 19 15 to

3019 1002 44 15 offer
3070 1003 19 14 to
3097 1005 69 12 resume
3175 999 46 17 work
3230 1002 19 14 at
3256 998 28 18 6.1.
3293 998 100 17 reduction,
3404 996 71 17 instead
3489 994 19 17 of
3521 994 31 17 Is.,
3563 999 20 11 as

3019 1024 81 21 required
3107 1024 21 20 by
3136 1023 32 17 the
3176 1024 84 14 limiters.
3293 1020 39 17 The
3340 1020 72 21 present
3420 1018 93 18 reduction
3546 1017 38 15 this

3019 1046 45 15 from
3072 1046 21 15 22
3102 1049 19 13 to
3129 1045 21 15 32
3158 1050 31 15 p...r
3197 1048 46 13 cent.
3253 1043 47 17 since
3311 1042 104 17 D.eember.

3041 1071 39 18 The
3092 1070 137 19 boilermakers,
3242 1069 39 19 iron
3298 1068 126 21 shipbuilders,
3439 1067 50 21 cigar
3504 1065 78 18 makers.

3020 1094 132 19 ironfounders,
3162 1096 104 18 carpenters
3275 1091 37 17 and
3319 1091 73 20 joiners,
3402 1095 31 12 M.
3432 1095 47 12 0.,
3487 1089 35 15 and
3530 1088 53 17 other

3019 1115 51 26 latlp
3077 1115 133 18 amalgamatml
3219 1114 52 17 trade
3279 1113 81 17 societies
3370 1111 45 17 have
3424 1110 63 21 placed
3496 1109 52 18 levier.
3560 1115 24 11 on

3020 1137 48 19 their
3080 1134 87 22 members
3176 1141 19 14 to
3203 1136 47 18 raise
3262 1135 56 19 funds
3326 1135 19 19 in
3354 1136 74 20 support
3437 1133 19 19 of
3469 1133 31 18 thy-
3513 1130 61 19 locked-

3020 1163 31 15 out
3060 1161 98 18 labourers.
3501 1161 4 18 .

3045 1189 25 17 At
3077 1194 12 12 a
3102 1188 70 21 private
3185 1187 80 20 meeting
3273 1187 20 18 of
3300 1187 32 17 the
3340 1185 109 18 arbitrators
3465 1183 18 17 in
3491 1183 32 17 the
3531 1187 43 17 ques-

3021 1211 39 18 tion
3080 1211 18 17 of
3116 1215 12 12 a
3146 1209 93 17 redoction
3260 1209 19 17 in
3299 1207 92 19 colliers
3391 1213 60 14 wages
3464 1206 19 17 in
3493 1206 30 17 the
3531 1205 53 17 West

3022 1232 73 21 Riding,
3104 1232 40 18 held
3154 1234 18 14 at
3180 1232 30 17 the
3215 1231 130 18 Westminster
3352 1230 64 17 ralace
3428 1228 60 18 Hotel.
3501 1226 80 19 London.

3022 1260 24 12 an
3065 1253 125 19 intermediate
3203 1253 61 18 award
3273 1252 19 19 of
3300 1252 31 20 12i
3347 1257 32 17 i*r
3386 1252 47 17 cent.
3443 1251 94 17 reduction
3547 1254 37 11 was

3021 1277 65 21 agreed
3094 1283 54 15 upon,
3158 1276 70 21 subk,et
3236 1279 19 13 to
3270 1276 79 15 revision
3358 1273 35 18 and
3403 1272 105 19 settlement
3516 1272 24 20 by
3548 1272 32 17 the

3022 1299 106 18 arbitrators
3138 1304 20 12 or
3167 1298 70 21 umpire
3244 1298 61 17 before
3314 1297 41 21 May
3365 1297 28 17 20.

3045 1326 26 17 At
3078 1331 12 12 a
3097 1325 79 22 meeting
3188 1324 20 19 of
3219 1324 91 22 delegates
3328 1324 19 17 in
3367 1323 74 18 London
3457 1322 128 21 reprewuting

3025 1350 60 19 10,000
3090 1349 73 15 railway
3174 1350 80 13 servants
3262 1349 14 14 it
3286 1348 32 15 has
3325 1346 46 17 been
3386 1345 73 18 decided
3476 1348 19 13 to
3511 1346 30 17 get
3559 1350 25 13 up

3024 1370 35 18 and
3067 1372 72 19 present
3148 1365 85 25 Petitions
3241 1369 64 20 signed
3312 1369 22 20 by
3343 1369 25 15 all
3377 1368 73 20 railway
3463 1363 81 19 worim
3544 1370 11 12 n
3565 1367 20 15 to

3024 1391 44 18 each
3076 1391 56 18 board
3139 1391 18 18 of
3167 1391 86 18 directors
3261 1391 18 18 in
3295 1390 32 18 the
3345 1390 92 21 kingdom,
3449 1389 77 21 praying
3541 1388 44 17 that

3025 1415 47 17 their
3080 1415 54 17 hours
3148 1414 20 18 of
3178 1415 45 20 duty
3233 1420 40 15 may
3282 1414 21 17 be
3318 1413 77 18 reduced
3410 1414 19 15 to
3443 1413 22 15 10
3481 1416 32 17 per
3527 1409 56 19 diem.

3025 1440 63 19 except
3097 1436 19 18 in
3123 1436 32 18 the
3162 1441 41 13 ease
3210 1435 19 19 of
3241 1436 105 21 signalmen,
3358 1435 40 19 who
3406 1435 33 18 ask
3455 1435 11 17 S
3481 1434 53 18 hours
3552 1437 32 17 per

3025 1461 41 20 day.

3458 1480 14 1 --
3504 1480 4 1 •
3548 1480 5 1 •

3047 1487 41 14 Tar
3105 1486 85 17 NORTHrIa
3190 1486 11 17 ,
3201 1486 85 17 CIII.AND
3302 1485 143 17 MINURS.—The
3458 1483 118 17 Northumber-

3025 1507 43 17 land
3083 1507 84 15 miners
3167 1507 94 20 delegates,
3274 1506 46 17 after
3332 1512 52 14 many
3393 1506 93 18 mei•tings.
3495 1505 34 15 toot
3539 1509 9 9 a
3557 1505 19 14 de-

3026 1528 52 17 cisive
3093 1528 89 15 interview
3197 1528 43 15 with
3254 1527 32 17 the
3298 1527 106 15 evilowners
3419 1528 18 14 at
3448 1525 103 17 Newcastle.

3027 1550 93 17 Saturilay.
3129 1554 22 11 on
3159 1550 31 17 the
3198 1550 85 22 proposed
3293 1548 91 17 induction
3397 1548 18 17 of
3425 1550 65 15 twenty
3500 1552 31 18 i•er
3540 1547 46 15 vent.

3026 1572 38 18 The
3072 1572 94 20 delegates'
3175 1572 103 22 deputation
3286 1578 34 9 was
3328 1572 67 17 headed
3404 1572 21 20 by
3436 1571 32 15 Mr.
3478 1565 50 22 Part.
3537 1570 46 15 M.P.

3026 1596 38 15 The
3077 1594 56 17 result
3144 1594 19 17 of
3175 1596 31 15 the
3219 1594 103 17 conference
3334 1599 35 12 was
3381 1594 41 15 that
3435 1594 31 15 the
3478 1592 107 17 coalowm•rs

3027 1617 83 20 accepted
3117 1618 31 14 ten
3156 1622 32 15 per
3195 1618 46 14 cent.
3250 1616 93 17 reduction
3352 1622 20 9 as
3380 1620 9 11 a
3398 1615 116 21 compromise
3521 1613 65 17 filth

3027 1639 22 20 by
3058 1639 71 17 miners.
3152 1638 43 17 This
3204 1638 35 17 still
3249 1638 58 15 leaves
3314 1637 61 21 nearly
3389 1637 47 20 forty
3443 1642 32 15 per
3482 1637 46 14 cent.
3539 1636 48 15 since

3028 1662 47 14 Is7l.
3110 1661 38 15 The
3159 1661 58 15 notice
3231 1661 50 20 given
3289 1659 22 21 by
3319 1659 32 17 the
3359 1658 107 18 coalowners
3474 1659 19 15 to
3501 1658 31 17 the
3540 1657 38 17 lbir-

3027 1683 41 17 ham
3081 1682 65 17 miners
3158 1682 69 21 expires
3239 1688 22 9 on
3275 1682 70 20 Friday,
3358 1682 34 15 and
3409 1682 13 15 it
3430 1681 15 15 is
3454 1680 84 22 expected
3547 1680 39 17 that

3027 1704 109 18 determined
3144 1704 96 18 resistance
3247 1703 35 19 will
3291 1704 21 17 lw
3320 1703 57 18 made.

3050 1734 44 15 Tar
3103 1733 76 17 WIt:AX
3187 1731 86 18 TIUDES'
3282 1731 96 18 Council.
3386 1735 43 13 AND
3435 1735 40 12 THE
3485 1729 90 18 At:rlCl'L-

3027 1760 70 12 runit
3109 1754 150 17 Lnee-orv.—A
3267 1754 66 20 special
3343 1753 80 20 alerting
3429 1753 19 15 of
3459 1753 30 15 the
3495 1752 92 20 .h•leg,ates

3028 1776 19 17 of
3059 1778 31 15 the
3099 1776 66 21 Wigan
3175 1775 72 18 Trades'
3257 1774 74 19 Council
3345 1774 34 18 has
3394 1774 45 18 been
3455 1774 41 17 held
3513 1774 27 15 for
3556 1773 32 17 the

3030 1804 76 15 purpose
3113 1799 19 14 of
3143 1798 66 21 taking
3217 1798 40 15 into
3268 1796 133 17 consideration
3416 1796 32 17 the
3462 1795 64 20 apiwal
3540 1794 50 18 front

3030 1820 31 18 the
3070 1819 118 21 agricultural
3208 1819 91 17 labourers
3320 1819 39 15 who
3365 1824 32 11 are
3404 1819 19 14 at
3432 1819 72 19 present
3524 1815 63 17 locked

3030 1844 38 15 out.
3090 1841 18 18 A
3116 1841 98 18 resolution
3223 1846 37 12 was
3268 1839 128 22 unanimously
3404 1839 64 22 passed
3482 1839 106 21 expressing

3031 1865 94 22 sympathy
3135 1864 43 19 with
3185 1864 48 18 them
3252 1864 19 18 in
3286 1863 48 19 their
3346 1861 81 24 straggle
3448 1861 28 18 for
3495 1860 79 19 freedom
3582 1867 6 14 ;

3031 1887 34 18 stud
3074 1887 14 17 it
3097 1893 37 11 was
3149 1886 38 18 also
3207 1886 79 18 resolved
3295 1889 19 15 to
3321 1885 43 19 hold
3372 1891 12 12 a
3392 1885 60 21 public
3469 1885 79 20 meeting
3568 1884 19 18 in

3031 1911 66 19 Wigan
3105 1916 24 11 on
3137 1910 48 17 their
3194 1909 66 17 behalf.
3273 1911 19 14 to
3300 1909 21 15 he
3331 1907 96 17 addressed
3442 1907 24 21 by
3483 1907 35 17 Mr.
3535 1906 51 17 Arch

3031 1932 34 17 and
3072 1931 35 18 Mr.
3116 1930 72 22 Taylor,
3201 1930 35 18 and
3246 1930 40 18 that
3292 1930 70 17 friends
3380 1929 72 18 outside
3470 1929 31 17 the
3517 1928 72 18 council

3031 1954 105 18 favourable
3142 1956 20 14 to
3170 1954 31 17 the
3209 1958 53 12 can-e
3270 1952 21 17 be
3300 1951 70 18 invited
3377 1952 20 17 to
3404 1951 109 21 co.operate.

3052 1982 41 17 Ton
3111 1982 155 15 KIODEIntINSITIL
3281 1982 73 14 C.0:11,
3367 1980 17 17 M
3390 1978 124 18 trEllS.—The
3529 1978 52 17 Secre-

3032 2006 39 20 tary
3079 2004 18 17 of
3109 2003 30 18 the
3148 2003 86 17 Weavers'
3248 2002 116 20 Association,
3378 2002 33 15 Mr.
3424 2002 22 15 li.
3497 2006 47 17 asey,
3557 2001 34 15 has

3032 2027 96 17 forwardisl
3143 2031 11 9 a
3169 2026 48 22 reply
3231 2027 19 14 to
3265 2024 31 17 the
3308 2023 148 18 Manufacturers'
3474 2022 118 19 Association,

3032 2049 66 18 stating
3106 2049 39 15 that
3155 2048 34 15 had
3197 2054 11 9 a
3216 2048 103 15 conference
3327 2047 44 15 lawn
3378 2046 81 21 granted,
3464 2046 31 15 the
3502 2046 90 19 delegates

3033 2076 44 11 were
3090 2070 67 17 certain
3170 2069 40 17 that
3223 2069 46 17 after
3281 2069 31 15 the
3326 2068 102 19 grievanees
3435 2067 19 17 of
3464 2068 31 15 the
3504 2073 39 9 alea
3556 2067 35 15 loot

3032 2093 45 15 been
3084 2093 52 20 fairly
3145 2092 34 15 and
3188 2091 83 21 honestly
3279 2093 33 18 pat
3320 2091 58 15 before
3387 2091 30 15 the
3430 2092 81 14 imistels,
3526 2089 43 15 such
3581 2093 11 12 a

3032 2119 63 12 course
3107 2113 57 17 would
3177 2113 45 15 have
3235 2113 65 15 tended
3312 2113 20 14 to
3345 2112 79 15 increase
3433 2112 30 15 the
3474 2111 45 20 good
3527 2111 66 19 feeling

3033 2135 77 22 existing
3124 2135 78 17 between
3219 2134 31 18 the
3266 2137 74 14 masters
3356 2133 34 18 and
3406 2139 46 11 nit•n.
3488 2133 15 17 It
3519 2138 34 12 was
3560 2132 32 18 UlO

3034 2159 105 18 unanimous
3148 2158 136 18 th•tertainati.,u
3292 2158 19 15 of
3322 2157 31 17 the
3363 2163 22 11 no
3391 2163 12 9 a
3410 2159 19 13 to
3437 2156 66 21 agitat.•
3514 2157 28 15 it
3552 2156 40 21 4lily

3034 2181 46 17 until
3094 2183 43 20 they
3152 2181 81 17 obtained
3244 2185 8 12 a
3266 2180 34 17 fair
3313 2179 34 17 and
3361 2179 35 21 just
3410 2185 56 13 wage,
3477 2178 31 17 tan
3521 2178 37 17 also
3569 2184 24 11 an

3034 2204 94 17 alteration
3137 2204 18 15 in
3163 2204 31 15 the
3202 2203 47 15 rides
3257 2203 54 15 nadir
3325 2202 58 15 which
3398 2202 43 15 thy
3457 2202 53 15 work
3517 2200 17 17 1.
3546 2205 35 11 son.
3592 2200 1 20 •

3035 2226 18 15 of
3064 2225 57 17 winch
3129 2230 46 12 were
3184 2224 171 17 intolerable.—The
3364 2225 60 18 carpet
3430 2224 52 14 trade
3488 2223 14 14 is
3511 2228 40 15 very
3560 2223 33 14 bad

3035 2250 18 14 at
3061 2248 31 17 the
3100 2248 71 21 proaent
3241 2245 35 18 anti
3288 2245 83 17 munlivrs
3384 2245 19 15 of
3413 2250 40 12 men
3462 2244 45 17 have
3515 2243 78 17 reeviVol

3035 2270 58 18 notice
3105 2271 19 15 to
3136 2275 50 11 ei•ase
3197 2269 47 15 work
3256 2269 19 15 in
3287 2272 120 17 consequence
3426 2268 11 14 if
3449 2267 31 17 the
3488 2267 74 21 scarcity
3574 2267 19 15 of

3035 2293 66 17 orders.

3058 2315 41 15 THE
3112 2315 70 15 STRIKE
3194 2317 21 12 OF
3228 2313 111 15 LABOTRELS
3390 2316 22 12 iIE
3423 2311 94 17 BRITIAN,
3524 2310 28 18 TR
3557 2315 39 12 %RE.

3087 2336 67 21 largely
3169 2335 84 18 attended
3268 2335 78 19 111Ccting
3361 2335 18 15 of
3391 2335 66 15 master
3469 2334 78 15 builders
3560 2337 37 11 wag

3038 2360 40 15 held
3086 2365 24 11 on
3117 2359 84 21 Monday,
3209 2361 19 13 at
3236 2357 30 17 the
3276 2357 58 17 Acorn
3344 2355 59 19 Hotel,
3411 2355 33 17 lir.
3455 2355 60 17 Moffat
3529 2355 58 21 presid-

3038 2381 37 20 ing,
3083 2382 18 15 at
3110 2380 56 17 which
3175 2380 13 17 it
3201 2386 26 11 lea
3249 2379 124 21 tumnimomly
3385 2378 64 18 resole&
3455 2378 9 15 d
3477 2379 19 15 to
3510 2378 51 15 icake
3573 2382 24 11 no

3038 2404 96 17 alteration
3149 2402 19 17 in
3180 2402 31 17 the
3226 2402 56 17 tenni
3296 2400 64 18 off,rea
3374 2401 19 17 to
3406 2400 31 18 the
3450 2406 46 11 men.
3524 2399 72 18 Several

3256 2420 2 0 .
3325 2420 5 0 .
3354 2420 5 0 .
3384 2420 4 0 .
3469 2420 5 0 .

3038 2426 50 18 firms
3103 2426 104 17 announced
3221 2426 40 15 that
3274 2425 41 15 they
3325 2424 41 18 had,
3374 2424 48 15 since
3430 2424 31 15 the
3469 2424 34 15 lost
3513 2424 85 17 meeting,

3039 2448 47 17 filled
3094 2454 24 15 up
3126 2448 31 17 the
3167 2448 69 18 greater
3243 2447 39 20 part
3296 2446 19 17 of
3326 2446 32 17 the
3370 2445 97 17 vacancies.
3501 2445 98 15 Beferene,

3039 2477 37 11 was
3083 2471 51 15 made
3142 2472 19 13 to
3169 2471 30 14 the
3208 2470 73 15 number
3289 2469 18 15 of
3319 2467 76 17 assaults
3402 2467 41 17 that
3451 2466 35 17 had
3498 2466 45 17 lien
3552 2472 35 9 com-

3040 2492 70 18 mitted.
3124 2491 35 18 and
3175 2493 20 14 to
3208 2491 31 17 the
3253 2491 34 15 fact
3300 2490 41 17 that
3353 2490 70 15 threats
3435 2489 34 17 and
3476 2487 123 17 intimidation

3043 2520 44 12 were
3093 2516 52 19 being
3157 2513 56 22 freely
3227 2511 78 19 resorted
3318 2512 25 17 to.
3373 2511 17 18 It
3405 2517 37 11 was
3455 2510 110 18 determined
3579 2511 20 15 to

3043 2544 50 15 spare
3100 2543 22 12 no
3131 2543 76 15 expense
3214 2536 19 17 in
3240 2535 83 21 bringing
3331 2535 31 17 the
3374 2535 119 21 perpetrators
3501 2536 20 14 to
3528 2532 71 22 justice,

3044 2562 33 17 and
3090 2559 99 22 protecting
3201 2558 52 18 those
3266 2563 39 12 men
3319 2556 39 18 who
3365 2556 64 18 choose
3436 2557 20 17 to
3464 2556 53 18 work,
3526 2556 34 17 and
3573 2556 26 15 for

3044 2583 37 18 this
3087 2589 74 15 purpose
3171 2582 65 20 special
3244 2585 89 11 im.asures
3346 2584 44 12 were
3399 2578 91 19 arranged.
3500 2578 54 17 which
3563 2577 13 17 it
3586 2578 14 15 is

3045 2606 58 21 hoped
3110 2604 34 17 will
3152 2604 44 17 have
3206 2609 9 11 a
3223 2602 77 21 salutary
3309 2602 56 15 effect.
3367 2601 103 20 —.l/..miu,g

3066 2631 149 18 TERMINATION
3239 2634 24 13 OF
3286 2634 41 13 THE
3346 2628 30 18 NA
3378 2633 6 12 I
3389 2628 53 17 LEM;
3467 2628 25 17 ST
3517 2631 12 12 d
3533 2626 67 18 E.—On

3046 2655 85 21 Monday,
3150 2654 32 18 the
3201 2653 65 18 milers
3279 2652 18 18 in
3312 2652 32 17 the
3358 2649 113 24 nailmaking
3485 2649 80 18 districts
3581 2648 19 19 of

3047 2678 81 22 &Alley,
3137 2676 39 18 who
3184 2676 28 17 for
3221 2681 48 12 nome
3278 2674 64 21 weeks,
3350 2680 19 13 an
3377 2680 33 13 our
3418 2674 72 18 readers
3497 2679 31 12 are
3536 2678 65 15 aware,

3047 2701 45 17 have
3100 2700 44 17 been
3154 2706 22 11 on
3184 2699 57 17 strike
3254 2698 30 18 for
3295 2704 24 11 an
3332 2698 80 17 increase
3420 2696 19 17 of
3452 2698 21 15 10
3482 2701 31 15 per
3521 2696 46 17 rent.
3579 2700 25 13 on

3048 2722 48 18 their
3103 2726 65 17 wages,
3175 2719 85 22 partially
3269 2719 81 19 resumed
3359 2719 56 20 work,
3422 2719 35 17 and
3463 2719 31 17 the
3502 2718 102 17 remainder

3050 2745 37 18 will
3093 2748 126 14 recommence.
3243 2741 61 18 About
3319 2741 50 21 eight
3384 2740 58 18 weeks
3455 2746 33 15 ago
3497 2740 31 18 the
3537 2739 67 18 nailera

3050 2767 70 19 termed
3261 2765 35 17 and
3305 2763 116 19 "hundred'
3436 2763 79 18 workers
3523 2761 72 18 simulta-

3051 2790 73 22 neously
3151 2790 57 18 threw
3216 2789 51 17 down
3276 2786 47 18 their
3449 2785 35 18 im.l
3493 2785 31 18 has
3528 2785 31 21 ing
3565 2784 41 18 hula

3051 2813 90 21 meetings
3149 2812 19 18 in
3176 2811 69 19 several
3256 2810 72 18 district
3332 2816 6 17 i
3338 2816 6 17 ;
3352 2809 111 20 determined
3470 2810 20 17 to
3498 2812 48 15 Cease
3555 2806 50 19 work

3051 2837 20 18 at
3079 2842 50 14 Mee,
3136 2836 60 18 unless
3204 2835 32 18 the
3255 2837 77 15 masters
3351 2832 98 19 consrmied
3468 2833 20 18 to
3527 2837 39 13 can
3575 2830 20 19 ad-

3052 2865 57 11 vance
3116 2858 20 18 of
3148 2859 21 17 10
3176 2863 32 17 per
3214 2859 48 17 cent.
3268 2863 24 13 on
3300 2857 48 18 their
3357 2857 69 18 labour.
3449 2856 38 18 The
3495 2856 77 17 masters
3579 2861 19 11 re-

3052 2882 58 20 fused,
3118 2881 35 18 and
3169 2882 31 15 the
3214 2880 59 18 strike
3288 2880 43 17 then
3346 2880 64 20 began.
3433 2878 21 18 In
3475 2878 31 18 the
3517 2883 61 12 course
3587 2876 21 19 of

3052 2904 57 17 about
3116 2909 11 12 a
3142 2902 63 18 month
3220 2902 31 18 the
3397 2901 73 20 nailers,
3482 2901 40 17 who
3534 2906 31 11 are
3575 2900 33 17 the

3053 2926 70 17 maker,.
3130 2924 19 18 of
3161 2924 31 17 the
3200 2924 51 17 small
3260 2923 52 20 nails,
3320 2922 83 19 retained
3419 2922 48 18 their
3475 2922 56 19 work,
3540 2922 33 17 but
3581 2922 17 15 al-

3053 2949 46 17 most
3112 2946 119 21 immediately
3242 2952 50 12 came
3312 2947 32 15 out
3363 2946 60 20 again,
3431 2944 48 21 only,
3489 2944 86 19 however,
3588 2946 21 15 to

3053 2969 54 22 again
3115 2969 43 18 take
3170 2970 19 15 to
3204 2968 48 18 their
3260 2967 65 19 labour
3332 2967 76 21 directly
3416 2967 112 17 afterwards.
3553 2966 54 17 From

3053 2993 44 17 time
3104 2993 19 17 to
3130 2991 45 18 time
3181 2991 31 17 the
3221 2995 39 12 men
3268 2991 46 17 have
3322 2989 67 17 offered
3403 2991 20 15 to
3436 2991 47 15 meet
3491 2988 31 18 the
3530 2989 77 17 masters

3053 3014 24 21 by
3084 3013 87 20 reducing
3178 3013 31 17 the
3226 3012 76 18 demand
3317 3012 47 17 from
3380 3013 21 15 lo
3410 3013 19 15 to
3436 3012 20 19 71
3467 3017 31 15 per
3506 3012 54 19 cent.,
3572 3009 35 17 and

3053 3037 44 18 then
3104 3035 54 22 again
3168 3037 19 15 to
3195 3035 11 17 5
3213 3040 31 17 per
3256 3035 47 17 wait.
3312 3032 5 26 ;
3335 3033 33 18 but
3383 3033 24 18 all
3423 3033 43 18 such
3474 3034 92 17 overtures
3578 3032 33 18 the

3054 3059 74 17 masters
3137 3058 46 17 have
3193 3058 112 20 persistently
3322 3056 78 17 refused.
3423 3056 80 20 Finding
3515 3054 48 18 their
3574 3060 24 11 em-

3054 3080 69 22 ployers
3132 3085 19 13 so
3159 3078 112 22 unyielding,
3280 3078 37 18 and
3327 3078 43 18 that
3389 3084 11 11 a
3418 3078 119 17 continuance
3548 3076 19 18 of
3579 3077 32 17 the

3056 3104 54 18 strike
3118 3109 37 12 was
3163 3102 86 21 reducing
3257 3102 31 18 the
3296 3106 40 12 men
3345 3099 34 19 and
3389 3100 47 18 their
3443 3099 78 18 families
3530 3100 20 17 to
3557 3100 53 20 great

3054 3126 105 22 privations,
3169 3125 32 18 the
3208 3124 44 19 bulk
3257 3124 19 19 of
3288 3124 31 18 the
3338 3130 41 12 men
3399 3130 40 12 now
3448 3124 47 17 state
3502 3124 40 17 that
3552 3123 14 17 it
3574 3129 37 11 leas

3056 3149 66 17 useless
3129 3150 20 15 to
3156 3148 43 17 hold
3207 3149 32 15 out
3247 3152 35 15 any
3291 3146 67 21 longer,
3367 3145 94 22 especially
3475 3151 19 12 as
3507 3150 52 17 roan;
3566 3144 45 18 have

3056 3170 73 20 already
3136 3169 85 18 obtained
3229 3169 38 17 iron
3276 3169 46 17 from
3339 3169 31 15 the
3384 3168 111 17 warehouses
3504 3169 19 14 to
3531 3167 48 18 work
3592 3169 19 13 at

3056 3193 31 17 the
3094 3191 28 18 old
3131 3193 39 17 rate
3178 3190 19 18 if
3209 3193 90 20 payment.
3318 3189 139 21 Consequently,
3467 3189 51 18 there
3527 3189 13 17 in
3547 3195 25 11 au
3580 3194 21 12 un-

3057 3214 118 18 derstanding
3181 3214 40 17 that
3228 3214 32 17 the
3268 3213 57 17 strike
3333 3213 15 17 is
3357 3215 20 14 at
3384 3217 24 12 an
3416 3211 40 18 end.

3161 3273 73 24 COAL
3249 3273 60 22 AND
3325 3273 71 22 IRON
3410 3272 105 24 TRADE.

3078 3324 39 18 The
3122 3322 39 19 coal
3169 3322 57 18 mines
3242 3322 19 17 of
3273 3322 90 17 Southern
3380 3322 66 17 Russia
3461 3327 32 11 are
3509 3326 102 15 numerous,

3057 3346 35 19 and
3100 3352 30 12 are
3139 3346 53 21 being
3200 3345 58 18 added
3265 3346 20 17 to
3293 3344 109 22 constantly,
3415 3343 102 24 companies
3529 3343 35 19 and
3579 3343 26 22 pri-

3057 3370 41 18 vate
3105 3374 74 17 persons
3193 3367 72 21 sinking
3283 3373 39 11 new
3340 3367 58 18 shafts
3417 3367 66 17 almost
3502 3372 53 15 every
3574 3366 39 21 day.

3057 3391 61 18 Seams
3126 3391 45 17 have
3180 3390 46 17 been
3243 3390 57 17 found
3315 3391 20 15 to
3351 3389 66 18 extend
3432 3389 47 18 front
3495 3393 45 12 near
3555 3387 58 18 Novo-

3057 3413 111 19 Teherkask,
3180 3413 19 15 in
3215 3412 31 15 the
3262 3412 41 15 Don
3314 3411 66 17 Cossac
3394 3411 93 20 territory,
3498 3411 21 15 to
3535 3416 11 11 a
3561 3410 52 21 point

3058 3435 56 18 about
3119 3433 50 21 forty
3177 3432 51 19 miles
3237 3432 99 18 north-east
3346 3432 19 18 of
3377 3432 107 18 Benliansk.

3080 3462 39 17 The
3133 3459 39 19 coal
3187 3459 45 19 beds
3243 3459 20 18 of
3274 3458 32 19 the
3318 3459 58 18 Faroe
3389 3458 70 18 Islands
3470 3458 46 18 have
3527 3458 45 18 been
3586 3464 31 12 ex.

3059 3484 69 18 amined
3133 3484 24 19 by
3167 3483 92 17 Professor
3265 3482 109 21 Johnstrup.
3396 3482 38 17 The
3443 3487 43 12 area
3496 3481 20 17 of
3527 3481 31 18 the
3567 3481 50 18 main

3059 3511 53 13 mass.
3129 3504 19 19 in
3164 3504 74 21 Sudero,
3254 3504 15 18 ic
3282 3504 54 18 about
3357 3504 34 17 five
3402 3503 77 21 English
3487 3508 65 17 square
3559 3503 58 18 miles.

3059 3529 39 18 The
3111 3528 109 18 Professor's
3239 3526 73 22 opinion
3332 3527 15 17 is
3366 3526 41 18 that
3426 3527 31 17 the
3477 3526 57 18 Faroe
3552 3526 38 18 coal
3602 3526 15 18 is

3060 3552 86 18 Miocene.
3178 3550 22 18 In
3221 3550 125 20 illuminating
3365 3555 59 14 power
3439 3549 14 17 it
3469 3554 86 14 averages
3568 3548 40 18 nine-

3054 3570 1 22 .
3059 3574 93 17 elevenths
3159 3573 20 17 of
3187 3573 41 17 that
3236 3572 19 18 of
3265 3570 45 22 good
3318 3570 77 21 English
3402 3570 103 19 coal.—Joc
3507 3570 40 17 root
3553 3570 24 22 of
3589 3570 28 18 thc.

3061 3595 48 19 Sock
3115 3598 15 20 ty
3138 3595 21 22 nf
3167 3595 47 18 Arf.s.

3084 3620 94 18 FOPEIGN
3191 3618 81 19 MINING
3285 3617 136 21 NOTEN—The
3429 3615 103 21 disordered
3539 3621 48 15 state
3595 3615 20 20 Of

3061 3643 32 19 the
3098 3641 78 22 English
3184 3641 40 19 iron
3231 3641 52 19 trade
3298 3641 14 19 is
3325 3641 91 22 naturally
3435 3644 32 17 not
3485 3641 99 19 calculated
3598 3643 20 17 to

3061 3666 54 20 bring
3124 3665 56 17 about
3185 3670 21 12 or
3215 3664 98 18 accelerate
3321 3664 32 17 the
3366 3664 67 18 revival
3442 3664 18 17 in
3477 3665 61 15 affairs
3559 3664 58 17 which

3063 3687 32 17 has
3104 3687 44 17 been
3156 3686 30 17 for
3193 3692 48 12 some
3248 3687 44 17 Sine
3301 3686 113 20 impatiently
3422 3687 84 19 expecte.'
3514 3687 18 15 in
3542 3686 76 20 France,

3061 3709 38 20 and
3106 3707 83 19 business
3208 3710 19 17 at
3246 3707 32 19 the
3296 3707 71 19 French
3374 3707 131 22 metallurgical
3514 3709 70 17 centres
3592 3713 19 12 re-

3061 3732 59 20 mains
3128 3731 19 18 in
3156 3731 52 17 much
3217 3731 30 18 the
3256 3736 47 12 same
3313 3731 47 17 state
3373 3736 20 11 as
3402 3730 56 18 iwhen
3472 3732 13 14 it
3497 3736 35 11 was
3544 3730 35 17 last
3592 3736 19 11 re-

3063 3754 63 25 ported
3131 3759 28 14 on.
3185 3754 59 18 Prices
3253 3752 20 19 of
3281 3752 107 19 merchants'
3402 3752 39 18 iron
3461 3758 56 14 range
3528 3752 46 17 from
3591 3752 15 26 .S
3613 3752 7 26 3

3064 3778 35 19 Ifs.
3107 3780 20 17 to
3135 3775 9 24 X
3154 3775 9 24 9
3172 3775 27 24 Is.
3209 3782 32 17 per
3248 3777 45 20 ton;
3305 3775 35 18 and
3348 3775 51 17 those
3411 3775 30 17 for
3452 3775 58 21 plates
3523 3775 46 17 from
3583 3775 35 17 bid

3096 3804 19 13 to
3123 3800 40 18 .fil3
3175 3800 35 17 Igs.
3219 3804 33 17 per
3257 3800 38 17 ton.
3320 3797 85 20 Refining
3426 3802 17 12 is
3451 3797 32 17 has
3498 3796 79 21 brought
3589 3797 30 17 ..£3

3063 3829 31 15 per
3102 3822 99 18 too.—The
3210 3821 33 18 fall
3252 3821 56 17 which
3317 3820 32 18 has
3357 3820 84 18 occurred
3450 3819 79 21 recently
3535 3819 18 18 in
3559 3819 59 21 prices

3066 3850 39 17 am=
3113 3850 27 12 ars
3150 3847 20 15 to
3178 3844 20 17 be
3208 3843 73 21 stopped
3291 3843 18 17 in
3317 3843 31 17 the
3356 3842 74 21 Belgian
3450 3841 38 17 coal
3508 3841 57 22 trade,
3585 3841 33 17 but

3061 3867 52 17 there
3120 3867 17 17 is
3145 3872 21 11 an
3176 3867 76 15 absence
3259 3865 19 18 of
3286 3863 168 19 business.—There
3463 3863 15 17 is
3487 3863 77 17 nothing
3575 3869 44 14 very

3064 3895 39 11 new
3111 3891 19 15 to
3138 3888 59 17 notice
3206 3889 18 14 in
3231 3887 105 17 connection
3345 3886 44 17 with
3396 3886 32 17 the
3436 3885 70 18 French
3514 3885 38 17 coal
3561 3885 59 18 trade.

3064 3911 21 18 In
3093 3909 30 18 the
3132 3909 50 17 basin
3191 3908 19 19 of
3219 3908 30 18 the
3257 3908 50 20 Nord
3314 3908 31 17 the
3353 3907 32 17 fall
3394 3907 18 17 in
3420 3907 58 21 prices
3483 3907 33 15 has
3526 3906 44 17 been
3579 3912 39 12 now

3065 3931 98 19 submitted
3172 3933 19 15 to
3204 3931 22 21 by
3246 3930 32 19 the
3296 3931 47 17 most
3361 3928 91 18 obstinate
3470 3928 20 18 of
3506 3928 115 21 coalowners,

3065 3954 48 19 since
3120 3954 31 18 the
3159 3953 69 18 council
3237 3953 19 18 of
3265 3952 145 18 administration
3418 3951 19 18 of
3445 3951 31 18 the
3484 3951 71 18 Gruen
3567 3951 40 18 Com-

3065 3984 52 19 pany,
3126 3980 19 14 at
3154 3977 24 18 its
3185 3977 35 17 last
3230 3976 79 21 meeting
3330 3977 19 17 at
3369 3974 52 18 Saint
3433 3974 61 21 Vaast,
3515 3973 71 19 decided
3600 3977 20 15 to

3065 4003 63 15 accede
3133 4000 19 17 to
3159 4000 32 17 the
3198 3999 53 17 lower
3260 4000 57 15 terms
3326 3997 91 22 proposf'd.
3441 3997 45 17 This
3493 3997 79 18 decision
3583 3997 34 17 has

3065 4022 89 19 attracted
3163 4026 47 13 some
3219 4022 96 17 attention.
3324 4019 94 19 occurring
3437 4025 19 11 as
3476 4019 15 17 it
3510 4019 41 17 does
3570 4020 20 15 at
3609 4025 13 11 a

3065 4045 61 21 period
3133 4044 20 18 of
3162 4044 77 19 English
3247 4043 38 17 coal
3293 4043 52 18 trade
3354 4042 71 21 strikes,
3441 4042 37 17 and
3496 4046 48 12 some
3552 4042 71 17 revival

3054 4063 1 27 !
3065 4068 19 18 of
3092 4068 53 22 hopes
3154 4065 19 19 of
3181 4071 24 13 an
3211 4065 85 19 advance.
3320 4065 38 18 The
3365 4064 63 18 future
3435 4063 19 19 of
3462 4064 31 18 the
3501 4064 71 18 French
3581 4063 40 19 coal

3054 4087 1 25 I
3065 4091 52 18 trade
3125 4091 15 15 is
3148 4090 45 21 hazy
3201 4089 37 18 and
3244 4088 190 18 micertain.—Orders
3445 4087 22 18 do
3475 4089 32 15 not
3521 4087 102 22 absolutely

3066 4114 53 17 make
3126 4111 70 19 default
3206 4111 18 18 in
3230 4111 32 18 the
3270 4111 77 19 Belgian
3356 4111 39 17 iron
3402 4110 58 20 trade,
3480 4110 33 17 but
3531 4110 48 17 what
3592 4115 32 12 are

3066 4135 72 17 wanted
3146 4140 30 11 are
3184 4135 92 15 contract=
3283 4133 20 18 of
3312 4137 47 13 some
3367 4134 63 15 extent
3445 4131 34 18 and
3493 4137 59 15 scope.
3585 4131 26 20 Ap-

3066 4156 116 22 prehensions
3191 4162 19 11 as
3219 4159 19 14 to
3244 4155 32 18 the
3283 4155 63 17 future
3354 4160 30 12 are
3393 4156 32 15 not
3433 4153 100 24 altogether
3548 4153 66 22 dissipa-

3066 4179 41 18 ted:
3120 4179 31 22 pig
3167 4180 14 15 is
3194 4178 38 18 also
3252 4178 52 18 much
3324 4176 99 22 neglected.
3448 4176 132 21 Nevertheless,
3589 4175 32 18 the

3067 4202 73 21 general
3149 4201 87 18 situation
3246 4201 14 17 is
3268 4200 104 21 considered
3391 4201 20 15 to
3429 4199 22 18 be
3471 4199 106 22 improving.
3602 4198 20 18 In

3067 4224 119 24 proportionis
3196 4224 31 18 the
3235 4222 80 18 disorder
3324 4221 19 19 of
3350 4221 32 19 the
3389 4221 77 20 English
3474 4221 51 18 mark
3524 4221 13 18 ,
3531 4222 13 15 A.
3553 4221 32 17 has
3593 4220 21 17 ho-

3067 4253 48 11 come
3124 4252 48 11 more
3181 4245 56 19 leech
3236 4245 11 19 ,
3269 4245 34 17 and
3313 4245 18 17 in
3339 4244 105 22 proportion
3459 4248 20 12 as
3498 4244 85 17 disasters
3604 4243 19 17 in

3069 4269 30 18 tl:u
3107 4267 76 19 English
3193 4267 38 18 iron
3239 4267 51 18 trade
3299 4267 45 18 have
3352 4267 72 17 become
3433 4272 47 11 more
3493 4265 90 21 frequent,
3591 4264 33 17 the

3154 4291 39 17 iron
3200 4290 52 17 trade
3260 4290 31 17 has
3299 4289 84 24 regained
3392 4287 119 21 courage,and
3521 4287 32 17 has
3561 4286 61 18 shown

3117 4313 76 21 :.0-ition
3202 4313 20 18 to
3230 4312 78 22 adroitly
3317 4315 44 15 turn
3369 4312 31 18 the
3407 4313 47 14 state
3463 4310 20 17 of
3489 4309 61 18 affairs
3559 4311 19 15 to
3591 4307 32 19 the

3117 4336 76 22 lossible
3201 4338 83 14 account.
3301 4335 39 18 The
3348 4333 98 19 AUCCPSF•iVe
3455 4332 102 18 reductions
3565 4331 58 18 which

3054 4354 2 26 i
3070 4361 45 15 have
3122 4358 57 18 taken
3187 4358 51 21 place
3244 4358 19 17 in
3272 4358 32 17 the
3313 4358 47 20 price
3369 4357 20 17 of
3397 4357 38 15 iron
3451 4356 17 15 in
3482 4355 31 17 the
3533 4354 60 18 North
3605 4355 19 17 of

3070 4381 84 22 England
3162 4381 44 18 tend
3221 4380 89 18 certainly
3317 4383 20 14 to
3344 4378 65 18 curtail
3428 4377 31 17 the
3478 4376 70 21 margin
3565 4376 58 17 which

3069 4404 57 15 exists
3133 4403 79 17 between
3222 4402 77 21 English
3319 4401 35 17 and
3374 4400 74 20 Belgian
3464 4401 116 18 quotations;
3592 4398 34 17 the

3069 4426 97 18 difference
3174 4424 14 18 is
3197 4424 37 18 still
3243 4424 92 19 sufficient,
3344 4422 85 20 however,
3446 4421 13 17 it
3474 4427 14 11 is
3501 4419 85 22 thought,
3606 4421 20 17 to

3070 4454 60 13 secure
3138 4450 20 17 to
3167 4448 76 22 Belgian
3252 4447 47 18 firms
3315 4450 46 13 some
3370 4443 61 19 orders
3450 4443 64 20 which,
3528 4442 57 19 under
3596 4448 30 13 or.

3070 4472 64 21 dinary
3141 4472 145 18 circumstances,
3300 4469 44 17 have
3363 4473 45 21 gone
3428 4467 39 17 into
3485 4466 32 18 the
3536 4465 58 19 hands
3605 4466 21 18 of

3071 4494 76 21 English
3155 4493 120 22 competitors.
3298 4491 47 18 Such
3365 4495 15 12 is
3399 4489 31 18 the
3449 4488 105 18 favourable
3562 4488 38 18 side
3607 4489 19 17 of

3071 4517 31 18 the
3110 4518 74 17 current
3193 4514 91 19 condition
3291 4513 19 17 of
3318 4513 31 17 the
3361 4511 77 22 Belgian
3451 4511 39 18 iron
3504 4509 58 18 trade.
3596 4509 30 19 On

3071 4539 32 18 the
3110 4538 52 19 other
3170 4537 53 21 hand,
3231 4537 91 20 Germany
3331 4534 14 18 is
3354 4533 65 21 taking
3438 4533 34 18 less
3491 4533 34 17 and
3542 4532 35 18 less
3585 4532 33 18 Bel-

3072 4563 43 22 gian
3122 4561 50 20 iron;
3185 4560 37 18 this
3231 4558 56 19 result
3295 4558 14 18 is
3318 4556 119 19 attributable
3456 4558 20 17 to
3493 4554 32 20 the
3537 4554 39 20 fact
3583 4554 44 20 that

3071 4586 31 17 the
3111 4587 48 15 state
3167 4583 19 19 of
3193 4580 96 20 industrial
3296 4580 61 18 affairs
3367 4586 19 11 in
3400 4579 84 21 Belgium
3493 4579 15 18 is
3516 4584 57 13 worse
3580 4579 47 18 than

3073 4607 14 18 it
3096 4607 14 18 is
3119 4607 19 18 in
3146 4606 93 20 Germany.
3249 4604 53 17 while
3317 4603 32 18 the
3360 4603 80 17 German
3454 4602 124 18 Government
3586 4606 43 19 pros

3073 4632 45 14 tects
3126 4631 19 14 to
3154 4629 30 17 the
3193 4629 66 15 utmost
3268 4625 76 21 possible
3352 4626 63 15 extent
3422 4624 32 17 the
3461 4624 84 20 industry
3552 4623 20 18 of
3583 4625 35 15 Ger-

3074 4657 52 14 many
3133 4652 18 14 at
3159 4649 31 17 the
3198 4652 77 17 expense
3283 4646 19 18 of
3309 4645 71 21 foreign
3389 4645 90 20 industry.
3503 4645 77 20 Belgian
3600 4645 19 17 in-

3073 4671 86 20 dustrials
3167 4676 66 17 appear
3241 4671 19 15 to
3272 4668 22 18 be
3306 4668 109 22 reconciling
3431 4667 107 18 themselves
3557 4668 20 17 to
3596 4667 33 18 the

3060 4690 2 25 .
3074 4696 34 19 loss
3117 4695 18 19 of
3143 4695 31 18 the
3182 4695 79 17 German
3269 4691 86 22 markets,
3369 4691 58 19 which
3445 4690 46 19 have
3507 4690 45 19 been
3565 4690 66 22 grain.

3074 4720 35 22 ally
3118 4719 69 21 closing
3195 4721 18 14 to
3221 4717 50 18 them
3291 4716 47 18 since
3357 4715 32 18 the
3407 4715 161 18 Franco-German
3586 4720 44 12 war.

3076 4743 59 17 Prices
3143 4741 19 17 of
3170 4741 38 17 iron
3217 4739 19 18 of
3244 4739 72 18 various
3335 4737 120 21 descriptions
3475 4737 45 18 have
3537 4737 92 20 generally

3076 4762 116 22 experienced
3198 4762 48 17 little
3256 4761 69 21 change
3334 4760 19 18 in
3361 4760 92 21 Belgium.

3061 4782 2 28 ;
3098 4789 52 19 MAW
3163 4793 41 13 AND
3216 4788 52 18 CO's.
3280 4787 61 18 TILES
3354 4791 41 13 AND
3404 4787 177 17 ARCHITECTURAL
3591 4785 28 18 MA-

3061 4808 2 24 ,
3076 4818 12 14 ,p
3087 4818 6 14 -
3093 4818 6 14 =
3103 4811 111 20 hwa.—The
3230 4809 85 19 Benthall
3335 4808 5 24 t
3344 4815 44 12 near
3406 4808 92 22 Broseley.
3511 4808 61 21 Salop)
3595 4808 38 17 En.

3061 4831 2 30 i
3076 4835 69 19 caustic
3152 4834 39 18 Tile
3200 4834 67 18 Works
3275 4839 31 11 are
3315 4839 39 11 now
3367 4838 65 14 among
3441 4832 31 17 the
3480 4832 39 17 best
3531 4831 66 18 known
3613 4831 20 18 in

3077 4859 31 18 the
3117 4858 58 20 trade,
3183 4856 35 19 and
3227 4861 26 12 we
3262 4856 63 21 might,
3335 4854 81 22 perhaps,
3426 4854 45 17 have
3480 4853 85 21 expected
3572 4853 41 18 that
3621 4858 12 13 a

3078 4880 53 18 much
3141 4885 47 12 more
3196 4878 91 18 extensive
3293 4878 48 17 show
3350 4877 59 18 would
3415 4877 45 17 have
3465 4876 45 18 been
3516 4876 50 18 made
3572 4874 25 24 by
3602 4876 33 18 the

3078 4903 40 17 firm
3133 4905 20 14 at
3167 4900 57 19 South
3237 4900 115 19 Kensington
3365 4900 45 17 than
3423 4898 15 18 is
3451 4899 31 17 the
3494 4904 40 12 case
3540 4898 38 17 this
3585 4903 51 17 year.

3079 4926 38 17 But
3124 4925 48 17 what
3181 4924 15 18 is
3203 4923 61 18 shown
3272 4923 17 17 is
3296 4919 19 20 of
3328 4923 51 21 great
3387 4920 105 21 excellence,
3500 4920 37 18 and
3544 4919 74 24 notably
3624 4925 13 13 a

3066 4943 2 27 1
3079 4949 81 18 chimney
3180 4946 54 24 piece,
3254 4948 56 19 stove,
3330 4945 37 19 and
3385 4944 66 19 fender
3468 4944 18 18 in
3502 4944 83 21 majolica
3601 4943 37 19 and

3066 4965 2 26 1
3080 4967 99 24 enamelled
3187 4970 112 18 terra-cotta.
3307 4969 39 18 The
3353 4968 71 18 colours
3431 4974 30 11 are
3468 4967 81 22 skilfully
3554 4965 86 24 blended,

3081 4995 35 18 and
3125 4995 31 17 the
3164 4993 83 22 chimney
3255 4993 48 21 piece
3312 4991 15 18 is
3335 4993 20 17 at
3363 4997 45 12 once
3419 4991 98 18 handsome
3530 4990 35 18 and
3573 4996 58 15 unpre-

3081 5017 86 18 tentious.
3191 5020 39 13 one
3244 5015 102 18 whantage
3359 5014 18 18 of
3391 5014 37 17 this
3441 5014 47 21 style
3507 5014 15 17 is
3539 5013 41 18 that
3592 5013 15 18 it
3626 5019 15 12 ii

1257 454 105 41 THE
1400 450 291 46 EXAMINER,
1731 444 294 46 SATURDAY,
2066 445 116 37 MAY
2223 445 41 38 2.
2303 437 116 47 18f4.
