3756 5386
111 593 102 25 TRADE
240 591 97 22 rmoN
363 589 158 21 OUTRAGES
547 589 40 20 AT

243 617 207 20 BIRMINGHAM.

90 652 26 17 At
123 651 37 18 the
169 648 136 22 Birmingham
318 648 129 17 Police-court
455 647 39 17 last
506 645 59 20 week.
573 646 52 15 Wm.

64 674 120 20 Finnighan,
198 678 12 13 a
222 672 94 18 builders
325 669 151 22 lahoarer,.and
485 676 11 12 a
507 669 86 19 meinber
605 669 20 18 of

64 699 34 19 the
107 697 115 19 labourers'
233 696 70 20 Union,
312 700 39 13 was
359 693 87 25 charged
456 693 48 18 with
514 700 11 11 a
534 693 58 18 series
606 692 19 17 of

64 723 91 19 assaults.
181 720 41 19 The
231 720 86 19 unionist
327 719 102 18 labotters
438 724 33 13 are
478 724 25 13 on
511 718 67 19 strike.
602 717 22 18 In

63 748 35 19 the
107 746 41 19 first
159 752 43 12 ease
210 746 35 18 the
255 745 89 22 prisoner
357 744 69 17 struck
433 749 13 12 a
455 742 137 19 non-iinionist
601 746 24 13 on

63 772 35 17 the
106 770 50 18 head
167 769 47 18 with
222 775 12 12 a
243 768 70 18 leaded
443 767 39 18 and
493 767 34 18 the
535 771 46 12 man
587 765 39 18 had

63 796 22 17 to
93 794 24 18 be
125 794 61 18 taken
201 794 21 17 to
236 791 37 18 the
282 790 93 24 hospital.
403 791 22 15 In
436 790 35 17 the
481 791 46 15 neat
533 794 46 13 Case
591 789 35 17 the

63 819 89 31 prisoner
162 811 2 38 I
175 816 73 20 tacked
266 822 7 11 a
287 814 137 20 non-imionist
438 814 57 18 down
513 814 25 21 by
552 819 12 12 a
575 811 51 20 blow

63 850 21 13 an
92 844 35 18 tLe
136 843 50 18 face.
211 842 22 18 In
247 840 35 19 the
292 840 46 19 then
356 844 44 13 ease
409 839 25 19 lie
443 837 90 20 knocked
542 844 11 12 a
562 837 63 19 man's

64 868 56 19 teeth
129 870 33 14 out
171 867 48 18 with
228 872 12 12 a
254 866 51 18 blow
313 863 64 20 which
393 863 86 18 stunned
488 863 50 18 him.
562 862 64 19 These

64 896 50 13 were
129 891 41 18 said
183 892 22 17 to
220 889 25 18 be
260 889 46 21 only
322 894 11 12 a
347 888 39 17 few
394 889 34 14 out
438 887 20 17 of
471 892 60 17 many
541 886 85 18 assaults

64 913 115 20 committed
188 913 26 22 by
221 913 35 17 the
266 912 89 22 prisoner
366 909 39 19 and
417 909 32 18 his
458 909 81 19 friends,
553 909 39 17 and
605 909 21 17 in

64 943 58 19 every
131 943 44 13 case
183 937 34 19 the
227 935 79 24 zronnd
318 934 20 19 of
345 934 35 19 the
390 935 84 20 outrage
483 938 40 13 was
533 932 45 19 that
592 933 35 17 the

63 969 81 19 persons
154 969 21 13 as
185 961 67 19 nulled
262 965 50 14 were
325 964 45 14 non-
377 957 104 21 unionists,
494 957 39 19 and
543 963 48 13 werc
605 959 22 17 at

64 987 52 19 work
125 987 58 18 while
196 986 35 18 the
240 985 89 22 prisoner
344 983 39 19 and
396 983 59 18 other
468 987 44 13 urns
519 983 48 18 nists
578 987 50 13 were

64 1017 25 13 on
98 1011 67 18 strike.
190 1010 43 18 Toe
241 1007 123 24 stipendiary
373 1006 107 19 sentenced
489 1006 35 18 the
539 1006 89 22 prisoner

64 1037 21 17 to
94 1037 39 17 two
142 1033 85 19 months'
236 1032 50 19 hard
301 1032 70 18 labour
384 1031 32 18 for
429 1030 48 18 each
491 1030 21 17 of
527 1029 35 19 the
570 1030 57 18 three

64 1059 92 19 assitalts,
170 1058 39 19 and
219 1056 98 25 promised
325 1057 21 18 to
354 1054 74 25 punish
437 1054 89 25 severely
539 1059 39 18 any
591 1059 37 13 one

64 1085 45 18 who
123 1082 97 20 ventured
233 1084 21 15 to
267 1087 57 17 carry
331 1082 35 17 out
379 1078 37 20 the
424 1078 77 20 threats
510 1078 64 19 which
587 1078 40 19 had

64 1109 51 18 been
124 1108 48 19 used
181 1106 85 20 towards
274 1111 12 13 a
295 1106 38 24 girl
339 1104 44 19 who
389 1108 50 19 gave
445 1103 94 19 evidence
548 1103 79 24 against

65 1133 35 19 the
109 1133 93 25 prisoner.

109 1192 48 19 MR.
172 1189 81 21 ARCH
269 1189 63 20 AND
346 1188 50 20 HIS
410 1187 171 20 PROPOSALS.

90 1224 37 18 Mr.
141 1222 70 19 Arch's
220 1222 45 19 idea
273 1220 20 19 of
305 1227 12 12 a
325 1219 137 20 Government
469 1218 46 19 loan
528 1219 21 18 to
559 1217 70 20 ermide

65 1248 35 20 the
109 1248 107 25 peascntry
224 1248 21 17 to
254 1246 47 19 take
317 1245 60 19 farms
391 1248 26 14 on
430 1243 53 20 their
493 1248 44 14 own
544 1243 84 19 account

65 1274 18 18 ia
90 1274 146 22 plepvsterous.
261 1271 96 18 Whether
372 1269 48 25 they
435 1274 33 13 are
482 1270 21 18 to
516 1273 112 14 commence

65 1297 113 25 operations
188 1300 26 13 on
221 1294 35 19 the
266 1297 34 17 ten
311 1294 76 19 million
396 1299 54 13 acres
457 1292 22 19 of
488 1294 61 17 waste
559 1291 70 22 which,

64 1320 106 22 accorllng
178 1320 22 18 to
209 1320 38 17 Mr.
257 1319 59 20 Arch,
330 1318 43 18 still
387 1318 51 18 exist
448 1317 20 18 in
476 1317 43 18 this
527 1316 72 21 island,
608 1322 21 12 or

64 1345 90 18 whether
168 1343 63 19 farms
243 1348 34 13 are
292 1344 20 17 to
325 1341 26 20 be
364 1341 64 19 found
441 1339 31 20 for
483 1341 57 19 them
549 1339 26 24 by
585 1339 35 19 sub-

64 1369 91 22 dividing
164 1367 87 25 existing
260 1371 53 14 ones,
321 1365 17 19 is
344 1365 154 25 comparatively
504 1363 126 20 immaterial.

65 1395 58 19 State
132 1394 56 18 Mutts
196 1394 73 18 cannot
283 1391 24 20 be
322 1390 102 20 advanced
437 1390 84 19 without
536 1389 93 25 security.

65 1419 46 19 And
129 1419 33 19 the
474 1416 20 18 of
510 1415 65 18 which
592 1415 39 18 Mr.

65 1443 54 19 Arch
129 1443 52 17 talks
191 1447 33 12 are
233 1447 12 12 a
252 1441 87 22 security
352 1440 64 18 which
425 1440 37 18 the
469 1440 109 24 peasantry
586 1444 45 13 can.

65 1469 37 17 not
111 1467 53 18 otter.
190 1465 97 25 Nothing,
296 1470 107 14 nivreover,
417 1469 38 13 can
468 1463 17 18 1,
484 1463 8 18 ,
507 1469 63 13 worse
581 1463 50 18 than

66 1493 21 19 to
105 1496 111 19 eaccurage
233 1489 35 20 the
286 1489 71 24 taking
374 1488 20 20 of
411 1488 48 19 land
475 1488 27 24 hy
520 1494 12 13 a
548 1488 51 19 class
612 1487 20 19 of

66 1520 35 21 pcm
102 1520 12 21 ,
113 1520 37 21 ant
161 1517 84 19 farmers
253 1515 45 19 who
312 1515 57 18 enter
374 1520 33 15 .on
419 1513 54 20 their
481 1513 94 24 holdings
583 1512 48 19 with

67 1547 13 13 a
90 1541 45 19 load
142 1541 20 18 ef
172 1540 47 20 debt
229 1539 65 20 round
309 1539 53 20 their
374 1539 67 21 necks,
450 1538 40 19 and
500 1544 33 12 are
541 1537 92 19 involved

67 1566 22 17 in
98 1571 12 12 a
120 1565 92 22 life-I,,ug
220 1564 92 22 struegle
321 1563 138 24 wi.hrevezty
467 1563 39 18 ami
515 1563 106 18 embarrass-

67 1591 63 17 ment.
156 1589 44 17 The
214 1591 85 18 peasant
315 1586 41 17 czh,.
371 1592 90 15 04...ges
469 1586 51 18 froni
529 1586 37 15 the
573 1586 60 17 rants

67 1611 21 18 cf
97 1612 32 17 his
138 1612 53 15 ow.
191 1610 51 18 class
252 1610 24 22 by
282 1609 43 18 dim
337 1609 20 18 of
365 1609 90 24 superior
461 1613 37 13 ene
508 1613 33 17 cry.
550 1607 53 20 skill,
612 1613 21 12 or

67 1639 150 20 perseverance,
233 1633 18 18 is
265 1633 35 18 the
314 1637 46 13 lean
374 1632 31 18 for
419 1638 11 12 a
439 1632 58 18 small
513 1633 51 15 farm
572 1631 4 28 ;
593 1631 40 18 and

69 1659 48 18 such
128 1664 45 13 men
187 1657 65 24 rarely
260 1657 34 18 fail
305 1659 21 15 to
334 1656 69 19 obtain
412 1661 44 14 one.
482 1656 39 18 lint
530 1657 22 18 to

129 1683 34 18 the
178 1682 47 18 land
240 1684 21 17 to
274 1682 37 17 the
325 1681 100 18 labourers
439 1685 21 13 in
475 1680 81 26 general
569 1680 20 19 in
599 1680 34 18 the

69 1713 43 19 way
122 1708 38 18 Mr.
169 1707 52 19 Arch
230 1706 105 20 &scribes,
351 1706 65 19 would
429 1706 72 24 simply
511 1706 24 19 he
549 1706 22 17 to
583 1710 50 18 open

70 1731 35 20 the
116 1731 47 20 door
171 1734 22 17 to
207 1737 11 13 a
233 1736 60 14 worse
308 1730 48 19 kind
372 1729 21 20 of
407 1730 81 25 panyeri
501 1736 19 12 en
535 1729 51 19 than
599 1728 34 20 the

70 1759 60 18 worst
139 1757 45 24 paid
194 1756 92 19 labourer
294 1755 125 24 experiences
429 1757 20 15 at
459 1755 34 18 the
501 1755 80 22 pr,sent
589 1753 44 24 day,

71 1782 39 19 and
128 1781 107 24 reproduce
253 1781 20 17 in
291 1779 93 24 England
402 1779 35 19 the
451 1779 79 18 Lel:aid
544 1779 20 18 of
580 1778 53 25 forty

71 1812 58 19 years
137 1811 45 19 ago.
207 1805 25 18 In
246 1805 48 20 fact,
312 1809 27 13 we
353 1809 35 13 are
403 1809 54 18 sorry
470 1805 22 18 to
501 1809 32 12 see
541 1802 46 19 that
596 1802 37 19 Mr.

72 1831 52 20 Arch
133 1831 35 19 has
178 1832 35 24 got
221 1835 26 13 on
256 1832 20 17 to
286 1830 40 19 this
337 1828 78 25 subject
424 1830 20 18 at
455 1828 159 19 stn.Standard.

76 1898 33 19 AN
125 1898 132 19 ENGLISH
272 1896 164 21 LABOURER
449 1896 33 20 IN
491 1896 142 20 AMEitICA.

93 1931 15 19 A
118 1930 26 19 lot
164 1936 45 13 orer
215 1930 44 19 who
265 1929 89 26 recently
360 1928 110 25 emigrated
478 1928 48 19 from
535 1928 100 24 Wickens,

71 1956 180 22 onot,ridg,,hire,
266 1956 48 18 thus
328 1955 66 18 writes
409 1956 22 17 to
446 1959 12 13 a
472 1954 65 19 friend
550 1955 22 18 in
581 1954 43 22 Eng-

72 1980 45 19 land
176 1981 44 17 You
239 1983 53 14 want
305 1983 21 13 to
343 1978 57 18 know
417 1984 12 12 a
445 1978 54 18 little
520 1978 60 18 about
594 1977 43 19 this

71 2006 90 21 coantry.
188 2003 59 21 Well,
255 2003 43 18 this
312 2003 84 22 country
409 2002 18 18 is
436 2008 12 12 a
462 2008 46 17 very
517 2002 40 17 line
574 2001 40 19 and
624 2006 12 13 a

72 2034 46 18 very
129 2029 54 19 large
207 2033 43 13 one.
278 2028 52 18 Here
346 2027 18 18 is
379 2026 70 25 plenty
465 2026 20 19 of
502 2031 52 13 teem
566 2027 21 18 to
599 2031 38 13 run

72 2053 67 19 about.
172 2053 43 18 this
233 2054 58 17 State
304 2052 17 19 is
335 2053 100 20 3,000,000
449 2057 53 12 acres
513 2050 66 25 huger
586 2050 52 19 than

73 2078 102 20 Entlane,
183 2076 39 19 and
231 2076 46 22 only
292 2076 76 20 2,000,0
367 2076 11 20 ,
378 2076 12 20 0
403 2075 133 20 inhabitants,
548 2076 35 21 yet
592 2074 17 19 it
620 2075 18 17 is

73 2102 54 18 thick
132 2105 18 19 iy
159 2101 104 18 inhabited
279 2102 20 15 to
308 2100 53 18 what
377 2105 54 13 some
445 2105 40 12 are.
510 2099 44 18 'fell
562 2104 34 19 my
605 2098 33 19 old

73 2126 61 18 union
145 2127 63 15 mates
217 2125 40 18 this
275 2125 17 17 is
309 2125 34 18 the
358 2126 84 21 eountry
456 2124 32 18 for
502 2128 12 13 a
527 2128 48 19 poor
583 2128 54 13 man.

76 2150 53 19 Here
138 2150 25 19 he
172 2156 35 13 em
219 2151 65 17 fatten
293 2148 31 19 Ms
331 2154 45 18 pan
385 2148 47 24 hog,
441 2148 40 18 and
489 2151 33 15 eat
531 2148 17 19 it
556 2147 53 19 after
620 2147 18 19 it

73 2174 18 19 is
99 2174 37 20 fat,
146 2174 38 19 anti
194 2174 48 19 milk
259 2174 31 18 his
299 2180 26 11 oa
351 2179 39 13 mow
397 2180 6 14 ;
416 2173 45 19 that
470 2172 18 18 is
502 2173 53 18 after
562 2172 26 19 be
601 2172 37 19 has

74 2202 34 20 got
119 2199 81 17 started.
229 2200 6 15 I
252 2199 47 17 hoar
307 2200 45 14 tau
367 2203 54 12 some
429 2199 20 14 ot
468 2202 32 18 toy
508 2199 131 20 countrymen

203 2224 40 17 cut,
260 2220 39 19 ;mil
308 2220 46 19 that
369 2220 17 18 is
403 2220 53 18 what
469 2220 91 18 America
568 2220 70 18 wants.

182 2251 19 13 .s
230 2245 35 19 the
294 2244 152 25 horny-handed
475 2243 86 24 English
586 2243 52 19 farm

210 2272 7 17 I
227 2271 48 18 dare
286 2277 32 17 say
340 2271 30 15 hit
398 2271 34 15 1,i,
432 2271 9 15 ,
457 2275 33 12 are
503 2275 53 13 -ine
568 2269 70 24 people

151 2302 17 17 .y
187 2296 45 17 that
247 2302 30 9 we
337 2293 2 26 i
441 2293 4 26 I
455 2300 15 12 o!
478 2295 11 17 7:
507 2294 60 24 again
580 2293 17 19 if
611 2298 28 13 we

202 2320 50 17 Lace
268 2320 32 17 nea
300 2320 11 17 t
357 2317 1 19 .
477 2319 7 12 t
555 2317 84 19 started.

76 2230 32 9 are

76 2246 39 18 SL.!
137 2251 28 13 aa

76 2270 40 20 lain
122 2277 26 12 uro
148 2277 8 12 -
156 2277 18 12 R,

76 2296 45 18 who

76 2320 58 18 could

402 2323 35 12 sny

556 2343 83 25 COllntry

268 2375 2 5 ,

77 2395 5 13 1

344 2415 2 15 :

524 2388 7 17 I
549 2388 39 18 like
605 2388 34 19 the

477 2412 4 20 ,
535 2412 51 20 'to
586 2412 53 20 bend

579 2463 63 19 Ihad

78 2487 41 20 luii
372 2493 8 12 .1.
380 2486 4 22 ,
504 2486 2 22 .
560 2486 81 22 getting

201 2520 9 11 u
298 2526 13 7 ~
358 2511 5 22 i
380 2511 27 19 all
424 2511 5 22 1
480 2511 102 20 Lv.iur
601 2511 40 19 and

350 2536 71 18 ha,der
436 2537 48 17 tluin
553 2535 25 18 do
586 2535 32 18 for
631 2541 11 13 a

79 2562 74 17 factor
163 2562 18 17 in
195 2562 97 17 tninse.i.
320 2561 6 17 I
337 2559 57 18 dou't
402 2565 33 11 sue
443 2564 38 17 any
491 2559 48 17 four.
549 2559 15 17 if
574 2559 9 17 I
589 2559 53 18 have

80 2591 19 11 111
231 2588 13 12 it
256 2584 70 15 V.Oll
340 2583 50 17 ifall
404 2583 25 15 14.1
442 2588 33 17 ILy
484 2587 21 12 ov.
506 2587 7 12 -
513 2587 15 12 r.
543 2582 69 17 'Loss'
621 2583 21 17 in

80 2608 40 18 ti,
317 2607 14 17 t'
341 2611 30 12 roe
383 2606 54 18 miles
450 2606 26 18 of
487 2610 53 12 some
548 2606 94 18 Wickens

81 2629 376 21 flil.
483 2629 59 18 \ht
554 2629 89 24 pleasure

81 2663 86 12 We,:'
168 2663 18 12 ,
185 2663 18 12 .
332 2661 24 12 -,r
383 2655 18 17 :11
437 2654 58 18 tormi
504 2660 24 15 I'
528 2660 8 15 ,
536 2660 17 15 S,
567 2653 40 20 and
621 2655 21 18 to

594 2683 48 19 your

81 2706 30 15 r:10

217 2472 2 13 :

240 2608 4 15 I
269 2608 27 15 ire

227 2634 44 13 tI.EI

407 2704 53 15 LAYn

94 2778 7 20 ,
102 2778 28 20 111.
426 2776 60 20 TT:r.
509 2776 116 21 DISSOLU-

328 2803 73 18 rioN.

112 2833 37 19 rile
214 2833 70 18 stiol
314 2833 35 18 the
364 2833 67 18 Huse
435 2832 8 24 ~
443 2832 8 24 ,
451 2832 8 24 f
475 2833 104 17 Commons
586 2831 58 19 acted

210 2858 119 20 hireicawm
343 2859 21 15 to
377 2856 100 19 entertivn
509 2863 15 12 r.
534 2856 109 19 Stoollott's

168 2883 37 17 iilBt
222 2882 64 17 welt.
300 2881 38 18 1..1:t
352 2881 17 19 it
381 2887 45 18 way
436 2881 25 18 he
469 2887 11 12 a
491 2881 71 24 cepted
573 2885 24 13 as
604 2885 41 13 ear.

141 2906 45 18 that
194 2906 46 18 hist.
325 2906 5 18 I
338 2906 83 17 oademn
429 2906 33 17 the
472 2906 40 17 late
521 2906 59 17 diesel

136 2934 53 12 nerai
263 2934 24 12 nr
300 2928 22 19 is,
333 2933 24 12 no
366 2928 8 21 .
374 2928 8 21 I
383 2928 52 21 wll.t,
448 2933 11 12 a
472 2933 46 18 very
528 2928 64 22 romtli
601 2933 41 18 way

267 2953 33 18 t'e
318 2953 138 24 rodowirent
472 2954 63 22 tent:a
541 2959 11 12 r
569 2953 20 18 of
608 2953 35 18 the

582 3124 30 17 ,11,1
612 3124 6 17 1

580 3193 2 13 .
633 3195 9 11 a

249 2911 20 9 ,v
296 2906 12 15 iI

430 2985 17 12 c:

553 3074 5 17 1
557 3074 5 17 ,
562 3074 11 17 ;

363 3201 20 6 .

519 3219 4 24 t
587 3224 11 18 y
607 3219 40 19 hti

589 3244 58 19 irod,

158 3246 1 17 -
301 3246 135 17 ti'-r_-

115 3345 27 15 ,t
159 3340 15 19 tl
183 3346 30 14 en.
253 3340 39 19 l'.o
306 3340 86 19 t'emenr
406 3340 20 19 of
442 3339 24 19 c'

164 3367 22 18 1I
200 3373 15 12 .0
299 3366 7 17 f
317 3371 60 17 many
385 3369 45 15 ecn
645 3366 4 21 4

87 3399 32 8 1,1
149 3387 2 20 1
185 3387 2 20 1
214 3387 5 20 (
315 3397 12 11 ..
328 3397 9 11 r
358 3390 35 18 the
415 3394 17 13 PI
630 3387 19 18 Cf.

201 3438 4 17 I
222 3445 8 9 11
332 3438 28 17 nll
360 3438 9 17 ,
370 3438 50 17 lelt.

227 3464 11 12 1
237 3464 22 12 '
338 3465 43 13 Iron
402 3461 20 18 Of
443 3465 81 13 cer.-Ire
544 3465 65 12 teems
628 3459 20 18 to

304 3491 7 12 r
351 3491 18 12 et
586 3482 63 19 which

182 3507 4 25 ,
227 3507 2 25 ,
280 3508 230 24 '-'.eereronirtt
524 3508 20 18 of
555 3507 35 19 the
598 3508 51 17 Malt-

214 3496 2 5 ,

240 3541 7 8 o
247 3541 8 8 ,
321 3531 4 19 I
333 3537 46 13 uo-o
384 3533 48 18 clue,
493 3537 19 13 ~t
520 3531 5 19 t
533 3531 118 19 ti,chievous

164 3560 12 17 t
267 3565 9 9 e
319 3563 22 12 tl-
358 3557 43 17 who
416 3557 58 21 enjoy
488 3561 25 13 ,ti
520 3561 41 17 rmy
576 3560 74 15 scenes,

154 3583 25 17 'ae
188 3583 45 18 love
242 3582 24 18 nl
275 3587 28 12 Ve
313 3581 26 17 nil
348 3583 15 15 ti
378 3587 33 12 see
425 3580 35 18 the
474 3579 5 24 t
487 3579 104 24 x-pretrier
606 3579 21 18 in
639 3583 12 13 It

260 3612 12 17 y
317 3606 99 17 .eitembrt
442 3611 52 12 were
519 3602 93 24 gratified
631 3602 20 19 in

213 3639 7 8 A
228 3627 2 25 ,
318 3635 15 12 ,t
345 3631 51 17 inn'
409 3628 50 24 fully
475 3633 91 19 compers
573 3627 41 19 tted
621 3627 31 19 for

236 3663 8 9 s
270 3656 177 20 tie.uppointment.
490 3653 74 22 Report
581 3654 21 15 to
618 3651 34 19 the

155 3674 4 26 ,
195 3678 184 22 .ithsundiug,
394 3677 37 18 Mr.
448 3677 90 18 Stuollett
552 3676 34 19 did
593 3674 60 25 bring

154 3700 2 21 8
221 3700 5 21 ,
255 3703 106 19 oeteturinit
370 3700 35 20 the
415 3700 123 19 di4polut;or.
563 3700 31 18 lie
607 3705 46 15 won,

285 3726 136 18 entertuming
429 3726 50 17 thur
488 3731 26 12 on
522 3731 52 12 sett,
581 3724 72 19 former

307 3749 4 24 ,
373 3756 27 17 ng
409 3749 87 18 strained
507 3749 39 18 and
555 3751 33 14 Oct
599 3749 56 22 quite

377 3777 26 13 ite
410 3772 31 18 his
448 3772 141 18 denunciation
593 3772 21 17 of
619 3772 35 17 the

372 3803 11 11 o
390 3796 48 20 said,
455 3794 5 22 '
469 3801 38 12 scat
520 3794 105 20 concocted
633 3795 21 18 in

367 3828 12 11 n
393 3820 35 20 the
443 3820 106 21 trickster,'
566 3819 39 20 and
612 3819 43 19 free

390 3846 78 21 diness,'
488 3846 32 18 his
540 3850 44 13 own
596 3847 59 22 party

292 3876 214 11 ,1
517 3870 30 17 Its
556 3869 98 18 esortions

339 3892 4 24 .
436 3900 6 9 N
507 3899 20 11 'ls
536 3892 99 24 pritiCipla
635 3892 9 24 ,
645 3892 11 24 y

533 3919 13 15 it
550 3915 12 19 h
573 3921 45 19 easy
626 3915 19 19 in-

598 4039 2 6 ,

313 3996 2 12 ,

594 4064 2 4 .
617 4064 1 4 .

615 4090 9 9 I

586 4180 73 14 Pirl,ll,

292 4328 4 12 I

132 3201 6 2 -

563 3278 2 4 .

410 4733 11 12 e
430 4727 70 18 aletah
507 4729 20 15 at
533 4724 34 20 the
574 4723 98 20 IVaterloc

320 4757 11 12 1.
418 4750 21 20 th
458 4750 43 21 alt.,
515 4749 40 20 and
568 4754 56 14 came
631 4748 41 19 into

377 4782 105 17 pa.,,,Lger
500 4775 59 19 trail:.
591 4774 30 19 No
638 4778 34 15 one

318 4833 47 17 ln
376 4838 73 12 answer
465 4834 21 15 to
497 4838 12 12 a
526 4831 117 25 deputation
654 4830 20 19 of

346 4861 18 12 K.
377 4857 33 18 Va.
424 4857 58 18 Cross
496 4856 44 18 said
547 4856 26 19 he
581 4861 39 12 was
628 4854 46 24 glad

353 4880 43 18 znat
405 4880 67 24 prison
481 4879 69 19 labour
557 4878 70 19 should
640 4880 35 18 not

360 4910 9 11 .
384 4904 30 18 for
428 4909 25 13 no
465 4904 120 22 proposition
599 4903 19 19 of
631 4902 45 20 that

437 4926 43 19 The
488 4926 79 22 subject
575 4926 20 18 of
611 4926 65 22 prison

344 4948 125 18 ,I:leration.

270 4870 1 1 ,

255 5088 98 13 Ltverpvi.l.

817 5092 19 12 LI
848 5093 31 11 L.,.

3291 2867 37 14 'lle
3335 2870 43 11 mar
3392 2868 19 13 et
3422 2867 21 14 ha,

3410 570 123 33 lARE.ETI

3226 787 50 20 have
3283 789 48 20 been

3289 680 27 139 stst
3317 680 13 139 en
3330 680 13 139 te
3343 680 6 139 o
3348 680 6 139 .
3354 680 6 139 n
3360 680 6 139 l
3366 680 7 139 .
3373 680 21 139 :Eg
3394 680 7 139 h
3402 680 7 139 e
3409 680 7 139 i
3416 680 7 139 s
3423 680 7 139 r
3430 680 21 139 l'h
3451 680 14 139 --
3465 680 14 139 es
3480 680 7 139 -
3487 680 14 139 ..

1846 557 44 19 The
1898 557 98 19 members
2004 557 21 18 of
2033 556 37 19 the
2079 556 70 18 Senior
2160 555 73 19 lenited
2250 556 78 18 Service
2337 556 50 17 Club
2401 554 2 35 .
2438 560 15 17 A
2470 557 59 19 horse
2546 557 40 19 and
2603 559 50 18 cart,
2666 556 48 18 with
2731 556 33 17 ale
2784 554 89 19 persons,
3034 560 124 21 LONDON
3172 561 61 20 AND
3248 563 57 21 COU
3320 566 7 4 -
3325 554 4 35 ..N
3331 566 52 24 Tay

1822 582 50 20 have
1886 581 77 20 invited
1981 581 159 24 MajoreSeneal
2157 581 32 18 Sir
2203 582 77 17 Garnet
2289 580 99 24 Wolseley
2413 583 77 19 backed
2506 583 43 18 into
2565 582 35 20 the
2619 581 73 19 Crinan
2706 576 105 26 Canaleelt
2829 573 155 25 leleibleilPhead.

2836 599 18 18 is
2862 598 87 25 thought
2959 604 26 14 no
3038 617 11 5 _
3067 622 14 13 .

3014 641 39 18 and
3063 643 21 17 to
3092 641 37 19 the
3138 641 126 25 satisfactory
3273 648 90 17 accounts
3371 653 47 20 recei
3418 653 19 20 ve
3437 653 11 20 d
3459 657 9 21 t
3469 657 28 21 ree

1822 611 21 14 to
1852 608 46 18 dine
1905 607 48 18 with
1963 607 56 18 them
2027 612 26 12 on
2062 607 35 18 the
2107 606 35 18 sth
2158 607 84 15 instant.
2275 605 37 18 His
2327 605 63 24 Royal
2413 609 33 18 All
2456 614 50 12 were
2515 607 113 22 ultimately
2643 606 89 20 rescued,
2746 605 40 18 and
2800 602 20 20 te
2894 548 89 27 recently

3255 596 76 20 CORN.

1821 632 102 22 Highness
1932 631 35 18 the
1978 631 57 18 Duke
2044 630 21 19 of
2080 628 120 24 Cambridge
2216 628 40 18 will
2270 628 79 24 preside
2362 634 25 12 on
2413 632 51 18 fatal
2472 631 64 19 result
2552 631 41 18 will
2610 630 65 19 follow
2692 630 52 18 from
2761 628 35 19 the
2813 622 102 25 acejdent.
2942 622 43 19 The
3039 621 27 14 Le
3083 622 47 17 now,
3151 618 187 28 Monday.-Owing
3351 625 19 17 to
3383 626 30 21 the
3423 631 34 20 fine

3012 713 31 71 ILee
3043 713 8 71 ,

3052 719 6 61 n
3058 719 7 61 n
3072 713 6 67 i
3078 713 6 67 e
3084 713 6 67 n
3090 713 12 67 )n
3102 713 6 67 v
3107 713 6 67 e
3113 713 14 67 er
3128 713 7 67 i

3130 713 6 69 u
3136 713 6 69 y
3142 713 6 69 a
3148 713 13 69 ri
3161 713 6 69 e
3167 713 6 69 h
3172 713 6 69 a
3178 713 13 69 or
3191 713 14 69 on
3206 713 7 69 t
3219 716 11 18 s
3230 716 12 18 n

3221 720 58 61 lowerp
3256 717 13 22 p
3270 715 13 92 ly
3283 715 14 92 b;

3296 717 40 91 :I::
3338 699 169 99 ts.lieide,-;2l_;:se.,,i*L,

1824 656 34 17 the
1869 654 94 18 occasion,
2412 656 58 19 horse
2480 660 60 13 swam
2549 654 48 18 with
2607 654 35 17 the
2650 656 43 15 cart
2702 656 22 15 to
2732 653 35 18 the
2777 652 91 24 opposite
2880 646 63 21 :lank.

3014 665 130 22 agricultural
3155 666 93 21 districts,
3259 667 33 18 the
3301 670 56 21 grain
3364 674 40 18 trad
3459 678 9 20 r
3469 678 19 20 ee
3488 678 11 20 e

1845 684 17 18 A
1871 684 99 22 marriage
1978 683 17 18 is
2004 681 98 22 arranged
2112 681 91 19 between
2212 681 72 19 Prince
2291 681 94 22 Gregoire
2438 687 70 19 Rienzi
2523 687 37 19 the
2575 687 80 18 tribune
2675 685 41 19 had
2737 685 33 18 his
2786 684 89 19 troubles
2893 678 92 24 thengh

1822 707 111 19 Bassaraba
1950 707 25 18 de
1997 707 116 19 Braneevan
2141 706 40 19 and
2209 706 69 18 Mollie.
2296 706 67 18 Ralouk
2363 706 12 18 -
2375 706 12 18 a

3011 687 54 145 demand:
3065 687 7 145 h
3072 687 8 145 7
3080 687 17 145 he
3056 687 31 119 been
3086 687 7 119 g
3093 687 17 119 he
3090 788 7 18 t

3099 694 5 143 l
3104 694 5 143 b
3109 694 5 143 a
3115 694 8 143 In
3123 694 8 143 .e
3131 694 4 143 e
3135 694 5 143 h
3141 694 19 136 aa

3133 788 85 24 receipts

3169 696 124 136 rsia.elreYtedih'elte,an
3242 811 70 26 heavy,
3319 742 14 93 M
3333 742 15 93 .
3348 742 15 93 :
3370 745 11 97 d
3380 745 12 97 p

3393 728 5 110 r
3398 728 5 110 e

3403 728 5 118 i
3407 730 12 110 's
3419 730 12 110 ,e
3431 730 6 110 l
3437 730 6 110 n
3444 728 8 118 d
3452 728 8 118 e
3461 728 8 118 b
3469 728 8 118 e
3477 728 9 118 a
3487 728 19 118 7;

1821 732 102 20 Musurus,
1930 731 102 24 detgeter
2040 732 19 18 of
2075 732 35 18 the
2120 730 89 19 Turkish
2218 730 135 19 Ambassador
2367 732 22 17 at
2581 705 15 54 ie
2603 705 15 54 in
2619 705 7 54 a
2626 705 7 54 g
2633 705 15 54 tt
2648 705 7 54 e
2655 705 7 54 :
2662 705 7 54 l
2669 705 7 54 -
2676 705 7 54 i
2683 705 15 54 li
2699 705 7 54 f
2706 705 15 54 e:
2721 705 7 54 t
2728 705 17 54 in
2745 705 8 54 i
2753 705 8 54 b
2761 705 8 54 t
2770 705 8 54 e
2778 705 8 54 o
2786 705 17 54 ei
2803 705 8 54 t
2811 705 8 54 a
2819 705 17 54 he
2836 705 17 54 co
2852 705 8 54 u
2861 705 8 54 m
2869 705 8 54 o
2877 705 8 54 p
2885 705 8 54 m
2894 705 17 54 ar
2910 705 8 54 e
2919 705 17 54 ed
2935 705 17 54 uo
2952 705 25 54 see
2976 705 8 54 w

1820 757 43 18 this
1871 757 69 18 Court.
1964 757 43 17 The
2022 757 72 17 Prince
2107 756 26 18 de
2148 756 117 17 Brancovan
2275 755 17 18 is
2301 755 35 18 the
2350 759 35 13 son
2413 711 5 64 i
2418 713 15 43 lti
2433 713 17 43 eal
2450 713 11 43 en
2467 711 5 64 z
2472 711 5 64 u
2477 711 5 64 i
2481 711 5 64 s
2486 718 6 39 ,
2492 718 6 39 Y
2498 718 6 39 i
2504 718 6 39 '
2510 718 6 39 s
2524 711 15 48 no
2539 711 7 48 M
2546 711 8 48 t
2555 711 8 48 r
2563 711 17 48 ii

2413 762 106 19 members.
2533 759 39 19 and
2581 765 13 13 a
2606 759 91 22 struggle
2705 759 32 18 for
2744 759 37 18 the
2789 758 112 21 leadership
2916 758 17 17 is
2946 758 37 18 not

1820 780 21 19 a
1860 781 69 18 Prince
1948 781 78 21 George
2047 780 90 19 Bibesco,
2159 784 54 12 some
2230 778 50 18 thee
2293 778 94 21 reigning
2414 784 125 24 improbable
2548 784 91 18 between
2648 783 38 18 Mr.
2695 783 24 17 A.
2726 782 28 18 M.
2761 782 91 18 Sullivan
2862 780 39 20 and
2910 781 38 19 Mr.
2959 781 24 18 P.

1821 804 74 22 prince,
1905 803 51 18 and.
1965 803 9 18 f
1983 803 37 18 the
2033 803 92 18 Princess
2139 802 39 19 Roe
2187 802 24 18 de
2223 802 123 21 Brancovan,
2354 802 35 18 the
2414 809 20 19 ee
2444 808 11 24 s
2454 808 24 24 me
2478 808 24 24 eb
2502 808 24 24 ,.

1821 827 167 26 representatives
2004 827 20 19 of
2039 833 12 14 a
2067 826 71 26 family
2154 826 64 20 which
2235 833 40 13 was
2283 828 37 18 400
2333 831 58 19 years
2404 824 1 31 I
2440 834 11 12 x

2445 835 53 18 :ISIT
2524 839 26 14 OF
2575 837 43 14 THE
2643 833 74 24 QUEEN
2744 837 26 13 TO
2796 837 41 13 THE
2862 836 57 14 -.ARL
2944 836 39 13 SND
3126 839 20 19 1-
3012 839 104 25 generally
3137 844 17 13 e.
3165 842 38 24 per
3219 844 28 18 gr.
3262 837 63 20 lower.
3350 843 14 17 A
3377 843 70 22 limited
3478 857 31 13 D,,

1822 854 104 22 sovereign
1935 853 20 19 of
1969 853 117 20 Wallachia.
2404 853 2 35 ;
2417 859 105 19 Coreeress
2536 857 157 19 Resssee.-On
2713 857 99 24 Saturday
2826 856 106 19 afternoon
2948 856 37 19 her
3012 865 69 24 barley
3089 863 37 20 has
3135 863 48 19 been
3195 868 25 13 on
3228 865 53 18 offer.
3295 863 41 20 The
3345 868 52 18 trade
3405 870 12 18 h
3458 856 15 19 sa

1846 883 44 18 The
1899 883 86 21 Sporting
2001 883 73 17 Gazette
2089 883 59 18 hears
2157 883 46 18 that
2213 883 35 17 the
2258 882 63 18 whole
2330 883 59 21 entry
2405 876 1 33 ,
2418 883 87 22 Majeste-
2515 883 102 17 honoured
2626 882 47 18 Earl
2691 882 40 18 and
2739 882 98 17 Countess
2849 880 77 19 Russell
2934 881 51 17 with
3012 891 20 14 at
3040 889 61 17 about
3111 889 41 15 tete
3162 889 59 15 rate%
3240 888 51 18 Malt
3300 889 34 18 has
3344 891 38 19 sold
3391 898 11 12 o
3419 876 18 13 Is

3446 874 38 20 bees
3484 874 9 20 '

1822 907 21 17 of
1860 907 35 18 the
1907 906 39 18 Old
1962 906 97 22 Berkeley
2067 906 38 18 has
2113 906 51 18 been
2173 905 113 24 destroyed,
2295 906 21 17 in
2323 911 66 12 manse-
2402 895 4 40 1
2418 912 12 12 a
2444 907 48 17 visit
2509 906 20 18 of
2542 905 126 20 condolence,
2678 911 26 12 on
2720 905 37 18 the
2772 904 64 19 death
2849 904 20 18 of
2881 904 37 18 her
2930 902 56 24 lady-
3012 911 39 18 For
3059 914 44 15 eats
3111 911 37 18 the
3155 911 80 24 inquiry
3248 911 37 18 has
3298 912 47 19 been
3357 895 39 40 only
3396 895 9 40 h
3405 895 19 40 to

1824 935 76 19 gnome
1907 930 21 19 of
1942 935 12 13 a
1961 935 69 19 young
2037 928 74 21 hound,
2125 930 41 24 just
2178 935 56 13 come
2242 930 21 18 in
2272 930 51 18 from
2333 928 59 20 wa:k,
2404 925 77 37 -ship's
2490 928 65 21 sister,
2571 928 64 19 which
2644 928 47 19 took
2707 928 57 25 place
2771 930 24 18 at
2803 928 78 18 Cannes
2897 927 61 18 about
2973 932 12 13 a
3012 937 78 20 extent,
3097 934 38 20 but
3143 935 65 25 prices
3215 935 53 19 bare
3276 935 54 20 ruled
3340 925 99 37 unaliereel:
3439 925 9 37 '
3462 927 30 14 r'e;

1824 956 74 21 having
1907 960 52 18 gone
1968 956 72 22 raving
2053 954 52 21 mad,
2119 954 40 19 and
2173 954 63 22 being
2249 953 106 25 suspected
2372 953 20 19 of
2418 954 100 24 fortnight
2528 954 60 19 since.
2613 954 44 19 The
2662 954 69 21 Queen
2738 953 60 19 drove
2806 953 53 21 from
2868 952 117 19 Claremont
3012 960 137 19 transactions
3157 966 51 13 were
3217 966 25 13 on
3250 960 34 19 ali
3286 961 8 20 -
3294 961 25 20 mit
3319 961 8 20 v
3327 961 18 20 ,a
3358 965 54 20 scale.
3422 969 35 19 and
3468 971 30 19 the
3464 945 21 20 In

1824 980 74 22 having
1909 980 65 18 bitten
1983 985 53 13 some
2046 979 20 19 of
2079 979 35 18 the
2124 980 76 17 others.
2232 979 43 18 The
2285 981 58 20 entry
2353 984 39 12 was
2419 981 21 17 to
2451 979 109 19 Pembroke
2570 978 73 24 Lodge,
2653 978 112 19 Richmond
2783 978 59 21 Park,
2850 977 89 24 through
2949 976 37 19 the
3012 985 64 24 dency
3090 986 20 17 of
3124 985 64 24 prices
3203 991 39 12 was
3255 985 21 18 in
3291 985 66 21 favour
3369 989 19 19 of
3491 996 15 19 e,

1824 1009 25 13 an
1858 1004 106 22 unusually
1974 1003 50 24 good
2029 1007 44 13 one.
2086 1003 43 18 The
2138 1003 97 20 difficulty
2242 1003 20 18 of
2268 1003 107 24 procuring
2381 1007 11 13 a
2419 1007 53 14 town
2490 1004 20 18 of
2523 1003 118 20 Richmond,
2659 1003 40 18 and
2715 1002 54 19 after
2786 1002 81 24 staying
2883 1000 50 19 with
2950 1000 35 19 the
3012 1015 51 13 were
3072 1009 63 25 quiet,
3143 1009 39 18 and
3193 1009 84 18 without
3292 1010 98 21 alteratien
3411 990 59 25 buyers.

1825 1026 53 20 fresh
1889 1030 58 21 entry
1955 1028 21 19 at
1985 1026 41 19 this
2035 1026 70 19 section
2114 1026 21 19 of
2147 1026 35 19 the
2196 1032 48 17 year
2254 1026 17 19 is
2280 1032 37 13 one
2326 1026 65 19 whch
2420 1028 48 19 Earl
2484 1026 40 20 and
2533 1028 99 19 Countess
2646 1026 32 19 for
2694 1026 44 19 half
2751 1031 26 13 an
2785 1026 51 19 hour
2850 1024 96 19 returned
2959 1025 27 22 by
3406 1020 18 12 in
3433 1017 57 20 value.
3507 1022 6 19 1

3012 1033 79 24 inquiry
3100 1033 31 18 for
3142 1038 47 19 peas
3200 1039 39 12 was
3247 1033 83 21 limited.
3338 1041 24 13 on
3370 1019 66 46 feeler
3444 1044 53 18 terms
3506 1046 7 19 I

1825 1052 96 24 seriously
1930 1051 103 25 perplexes
2046 1051 35 19 the
2091 1052 81 18 master.
2419 1052 35 18 the
2464 1052 102 22 Kingston
2575 1052 47 22 gate
2639 1051 21 19 of
2672 1051 35 19 the
2722 1051 57 24 park.
2804 1050 44 19 The
2862 1050 48 22 flags
2920 1051 21 15 at
2949 1049 37 18 the
3025 1063 38 14 our
3070 1057 79 19 market
3157 1057 37 19 has
3207 1057 50 19 been
3266 1058 60 22 quiet
3334 1059 38 19 dan
3383 1067 59 19 prices
3455 1065 19 21 ha
3474 1065 20 21 ve
3494 1065 11 21 '

1851 1082 37 18 His
1896 1082 64 24 Royal
1968 1081 104 25 Highness
2080 1081 35 19 the
2127 1081 59 19 Duke
2194 1080 21 20 of
2229 1081 119 25 Edinburgh
2357 1081 37 18 has
2405 1071 1 34 '
2419 1077 46 18 Star
2478 1076 39 20 and
2535 1077 72 18 Garter
2615 1076 61 19 Hotel
2686 1081 52 14 were
2753 1074 81 20 hoisted
2846 1075 21 18 in
2875 1074 78 19 honour
2966 1072 21 19 of
3012 1082 111 19 unaltered.

1825 1106 92 25 presided
1926 1108 21 17 at
1956 1111 12 13 a
1976 1106 90 24 meeting
2075 1106 21 19 of
2109 1106 34 19 the
2158 1106 116 19 committee
2282 1106 110 25 appotnted
2406 1101 2 35 .
2419 1101 34 19 the
2464 1101 63 24 Royal
2535 1101 54 18 visit.
3038 1108 142 19 ROTHERHAM.
3194 1106 141 25 elondey.-At
3347 1109 34 18 the
3392 1116 43 14 min
3448 1116 59 20 made

1825 1134 21 15 to
1856 1136 56 18 carry
1922 1131 33 18 out
1964 1130 37 19 the
2020 1129 149 24 arrangements
2169 1129 12 24 e
2180 1129 38 24 for
2231 1130 37 19 the
2281 1131 81 18 concert
2372 1133 20 17 to
2407 1128 1 34 '
2444 1131 45 19 The
2505 1131 50 19 Rev.
2570 1131 37 19 Dr.
2620 1130 67 20 Adler,
2705 1130 35 19 the
2752 1129 59 19 Chief
2833 1128 64 19 Rabbi
2914 1128 21 18 of
2952 1128 34 19 the
3012 1131 39 22 day
3067 1131 57 19 there
3133 1136 40 13 was
3189 1130 46 24 only
3244 1137 11 11 a
3267 1131 45 19 thin
3325 1134 112 20 attendance
3449 1143 9 12 o
3461 1137 6 19 f
3478 1140 30 22 fan:

3503 1131 4 6 '

1826 1155 24 18 be
1860 1155 59 24 given
1933 1155 21 19 in
1971 1155 76 18 honour
2065 1155 21 18 of
2099 1155 31 18 his
2148 1155 94 24 Imperial
2262 1155 87 24 Majesty
2359 1156 34 17 the
2420 1156 70 19 meted
2506 1156 154 24 congregations
2673 1155 21 18 of
2707 1155 63 18 Great
2789 1153 84 20 Britain.
2889 1152 44 19 who
2950 1152 37 19 has
3012 1156 40 18 and
3070 1155 85 21 dealers,
3162 1155 40 18 and
3220 1155 34 19 the
3269 1156 52 18 show
3338 1157 19 19 of
3373 1159 59 20 wheat
3449 1168 11 14 w
3459 1168 22 14 as
3495 1172 13 12 ,

1828 1180 94 22 Emperor
1931 1180 20 17 of
1964 1179 72 18 Russia
2048 1183 26 13 on
2088 1178 37 19 the
2132 1180 91 17 occasion
2232 1179 20 18 of
2269 1180 32 17 his
2316 1180 47 17 visit
2373 1181 21 15 to
2421 1181 71 18 almost
2503 1180 111 22 completed
2623 1180 35 18 the
2673 1178 85 19 allose.a
2772 1183 12 19 s
2784 1183 13 19 p
2797 1183 26 19 an
2831 1176 9 19 o
2841 1176 11 19 f
2861 1176 14 19 h
2875 1176 61 19 uman
2946 1176 41 20 life.
3013 1180 83 18 Factors
3109 1185 53 12 were
3175 1179 78 24 willing
3261 1182 22 15 to
3292 1183 65 20 accept
3372 1188 11 12 a
3391 1183 92 22 reduction
3490 1182 20 25 c!..

1827 1202 34 19 Ilse
1870 1202 63 25 Royal
1942 1202 71 19 Albert
2033 1202 47 19 Ball
2089 1208 26 13 on
2132 1202 93 24 Monday,
2232 1202 35 19 the
2283 1204 47 18 18th
2341 1204 52 22 May.
2421 1205 35 18 has
2465 1204 110 25 proceeded
2591 1206 22 17 to
2627 1202 37 20 the
2680 1202 110 19 Continent
2804 1202 32 18 for
2844 1206 12 13 a
2869 1201 56 18 short
2936 1204 51 18 stay,
3013 1209 35 18 per
3057 1202 52 21 load,
3119 1202 40 19 and
3175 1202 34 19 the
3220 1204 111 24 quotations
3346 1209 39 13 now
3396 1200 83 28 are-thd
3488 1214 8 20 e
3496 1214 19 20 t,

1827 1227 64 20 These
1911 1233 51 14 were
1982 1228 83 25 present
2086 1227 52 19 Lord
2159 1227 96 20 Clarence
2274 1227 70 24 Paget,
2360 1228 34 18 Dr.
2421 1228 76 25 baring
2510 1228 78 19 various
2606 1227 78 25 objects
2700 1227 21 19 in
2738 1227 57 18 view.
2820 1226 79 24 Among
2906 1225 59 19 thoee
2970 1231 18 13 is
3013 1228 40 19 2as.
3063 1230 21 18 to
3093 1228 39 19 275.
3142 1225 5 33 ;
3161 1227 66 21 white,
3236 1228 40 19 2es.
3285 1228 20 19 to
3324 1231 39 18 2e
3346 1235 15 13 s.
3384 1231 45 20 Oats
3437 1239 44 15 were
3488 1238 19 19 Is.
3503 1228 6 30 -
3509 1228 6 30 1

1827 1252 76 20 Moue.
1912 1252 38 20 Mr.
1968 1252 84 22 Freake,
2061 1252 38 19 Mr.
2109 1253 84 19 Warren
2203 1253 31 19 De
2251 1252 28 20 La
2294 1253 51 21 Roe,
2354 1252 39 20 and
2409 1250 1 32 '
2420 1254 46 19 that
2476 1254 20 19 of
2505 1253 85 24 visiting
2598 1253 35 19 the
2643 1258 72 19 graves
2721 1252 21 19 of
2754 1251 32 19 his
2794 1250 97 20 deceased
2900 1252 87 22 parents,
3013 1260 28 18 tin
3051 1252 77 22 dearer,
3137 1252 45 21 viz..
3191 1258 43 13 new
3243 1252 66 22 white,
3318 1256 39 19 28s.
3364 1256 20 19 to
3393 1259 46 21 :;;.;,.;
3451 1263 56 19 notch

1827 1277 66 24 Major
1903 1278 105 24 Donnelly.
2421 1285 12 12 a
2441 1280 78 17 custom
2535 1278 122 22 universally
2673 1277 48 19 held
2733 1277 22 18 in
2764 1278 76 17 esteem
2849 1274 26 25 by
2883 1274 37 20 the
2928 1274 59 20 Jews,
2999 1274 1 33 '
3013 1279 20 18 en
3033 1279 9 18 s
3043 1279 11 18 .
3063 1279 20 17 to
3096 1279 40 19 35%
3136 1279 14 19 ;
3163 1277 33 19 old
3214 1277 59 19 white
3291 1279 57 21 ditto,
3364 1281 32 18 &is
3416 1285 19 15 to
3452 1286 6 14 1
3467 1292 8 15 1
3475 1292 8 15 .
3483 1292 9 15 ;

1851 1307 27 19 At
1887 1307 34 19 the
1931 1307 109 19 Clatelown
2053 1307 38 24 Pit,
2105 1307 37 19 the
2157 1307 85 24 deepest
2255 1307 20 19 in
2290 1307 37 19 the
2340 1307 54 19 Bath
2420 1303 40 19 and
2476 1302 120 25 technically
2610 1300 65 20 celled
2681 1298 30 27 ey
2718 1300 58 20 them
2877 1300 22 18 to
2909 1299 80 19 Kabear
3014 1302 65 21 blaek,
3090 1304 39 17 eSs.
3138 1303 22 18 to
3169 1303 40 18 325.
3234 1302 64 19 There
3306 1309 39 13 was
3358 1307 81 22 scarcely
3446 1313 22 19 an
3469 1313 12 19 y

1828 1331 85 21 district,
1923 1332 35 18 the
1968 1332 63 18 whole
2039 1332 20 18 of
2072 1332 35 18 the
2120 1337 46 12 men
2181 1332 40 18 had
2230 1332 44 22 just
2282 1332 112 19 descended
2533 1326 28 19 To
2571 1326 48 18 such
2629 1331 26 13 an
2661 1326 70 18 extent
2739 1331 18 12 is
2765 1325 44 18 this
2816 1324 87 22 practice
2913 1323 77 18 carried
3000 1323 2 32 I
3015 1326 73 18 shown.
3116 1326 65 18 Beans
3189 1326 40 18 and
3237 1332 47 18 peas
3293 1328 74 19 reniain
3376 1333 20 13 as
3404 1329 66 21 beta,

1828 1356 56 18 when
1894 1356 34 18 the
1938 1356 89 24 cyiinder
2036 1355 98 24 suddenly
2148 1356 99 21 smashed,
2256 1356 47 21 and,
2313 1356 27 18 all
2348 1361 46 14 con-
2420 1354 34 15 out
2464 1351 45 18 that
2519 1350 87 22 scarcely
2613 1356 12 12 a
2630 1352 86 15 steamer
2725 1349 74 18 arrives
2809 1348 51 18 from
2869 1346 35 19 the
2914 1346 25 19 Un
2939 1346 12 19 i
2950 1346 39 19 ted
3167 1359 56 18 THE
3243 1359 71 19 CORN
3334 1359 92 20 TRADE.

1828 1381 38 19 trol
1876 1380 61 26 being
1945 1380 40 21 lost
1994 1387 46 13 over
2053 1380 38 20 the
2106 1380 123 26 machinery,
2242 1387 12 13 a
2262 1384 59 21 great
2329 1380 65 20 wreck
2421 1376 69 25 States
2498 1375 85 20 without
2591 1374 76 25 having
2676 1378 26 14 on
2719 1372 63 20 board
2798 1378 54 13 some
2862 1371 74 20 Jewish
2944 1377 34 20 pas-

1828 1406 80 21 ensued,
1918 1406 91 25 upwards
2019 1406 21 19 of
2052 1407 66 18 lOOO
2126 1406 64 19 worth
2199 1407 20 18 of
2232 1406 86 26 damage
2333 1407 63 24 being
2420 1407 73 18 verger
2502 1407 21 13 or
2532 1406 119 19 passengers
2660 1400 45 19 who
2718 1398 52 20 have
2783 1397 98 20 snatched
2889 1404 12 12 a
2909 1397 81 25 portion
3001 1389 1 43 ,
3125 1389 69 26 (From
3203 1389 35 21 the
3247 1390 53 19 Mark
3309 1391 47 20 Lone
3366 1391 32 25 Et,
3406 1393 22 26 te-
3429 1393 15 26 ss
3444 1393 8 26 e

1830 1431 57 20 done,
1896 1431 39 18 end
1943 1431 35 18 tee
1988 1431 63 18 whole
2059 1431 20 18 of
2092 1431 35 18 the
2137 1436 46 13 men
2192 1431 44 18 who
2244 1437 51 12 were
2303 1431 91 22 working
2421 1427 20 18 of
2451 1426 52 19 their
2512 1426 50 19 time
2570 1426 20 18 in
2600 1424 58 19 order
2666 1427 21 17 to
2705 1430 57 17 carry
2777 1424 37 18 out
2826 1423 41 19 this
2878 1422 48 18 filial
2939 1422 52 22 duty
3040 1421 58 20 After
3106 1421 35 19 the
3151 1421 43 19 rain
3204 1421 20 18 of
3233 1421 34 19 the
3275 1423 89 21 previous
3378 1424 59 20 week.
3448 1424 30 20 the
3488 1433 17 13 in

1830 1455 20 18 in
1860 1455 33 18 the
1903 1455 53 18 mine
1964 1456 22 17 at
1994 1455 37 19 the
2039 1455 48 18 time
2094 1455 63 22 being
2165 1455 123 22 immisoned
2296 1455 59 18 form
2363 1460 31 18 my
2421 1450 21 18 in
2457 1450 53 18 their
2526 1449 86 21 original
2627 1449 69 18 native
2712 1448 65 21 lands,
2792 1447 80 24 usually
2889 1446 102 25 England,
3018 1444 91 19 outburst
3115 1446 20 18 of
3143 1450 87 13 summer
3236 1447 125 22 experienced
3366 1447 70 24 during
3442 1448 63 20 the
3476 1454 45 20 pans

1830 1479 66 19 hours.
1919 1479 52 25 Only
1981 1485 13 13 a
2001 1479 58 18 small
2068 1479 74 24 engine
2152 1485 40 12 was
2202 1479 99 19 available
2308 1481 22 17 to
2340 1479 53 18 draw
2422 1474 106 24 Germany,
2538 1479 22 13 or
2569 1473 83 19 Poland.
3018 1469 46 24 days
3073 1470 37 18 has
3119 1469 40 18 bad
3168 1474 26 13 an
3203 1469 70 19 almost
3291 1470 81 24 magical
3386 1472 53 19 effeet
3452 1479 22 13 en
3484 1480 37 20 vest

1830 1504 54 19 them
1894 1509 34 19 up,
1942 1504 39 20 and
1997 1504 37 19 but
2052 1504 45 19 four
2113 1509 46 13 men
2177 1505 21 18 at
2216 1509 12 13 a
2241 1504 50 19 time
2304 1504 59 19 could
2373 1504 22 19 be
2451 1511 43 12 ce
2411 1502 2 26 I

2411 1494 2 41 ;
2446 1522 17 6 -
2481 1515 79 14 ...ACHIM
2569 1515 26 13 OF
2607 1515 44 13 THE
2666 1508 117 20 Sse.-The
2798 1508 119 19 Portimettth
2931 1506 57 24 (New
3018 1494 2 41 :
3025 1494 40 19 ion.
3090 1494 44 19 The
3143 1494 80 28 hedges,
3233 1494 73 25 merely
3314 1495 69 25 tinged
3390 1496 46 19 with
3444 1502 54 19 g.rees,
3507 1501 14 20 la

1831 1535 54 13 reali
1887 1528 31 20 ed.
2412 1519 1 40 I
2424 1535 130 24 Hampshire)
2570 1535 96 19 Chronicle
2685 1535 64 18 states
2765 1534 46 18 that
2829 1538 26 13 on
2869 1532 35 19 the
2920 1531 34 19 sth
2970 1531 21 18 of
3018 1526 35 17 top
3058 1519 63 19 eaded
3129 1520 53 18 their
3190 1519 84 22 foliage;
3287 1520 35 19 the
3331 1527 56 17 pears
3399 1522 37 18 and
3443 1524 54 22 plums
3507 1527 6 17 i
3513 1527 7 17 s

3018 1545 79 17 amcome
3107 1544 59 18 laden
3175 1544 48 18 with
3237 1544 139 22 blossom,d
3491 1539 5 31 *
3513 1544 7 2 -
3339 1551 25 12 an
3383 1546 137 24 themeadowele

1854 1559 19 17 It
1892 1559 40 18 will
1949 1559 26 18 be
1991 1559 137 18 remembered
2144 1558 47 19 that
2209 1559 53 18 Herr
2277 1559 46 18 Carl
2346 1559 51 18 Rosa
2412 1556 1 26 :
2424 1560 57 21 April
2490 1565 37 12 one
2535 1560 20 17 of
2563 1561 38 15 the
2608 1558 111 24 navy-yard
2728 1558 112 18 watchmen
2849 1557 64 18 found
2920 1561 26 12 on
2955 1556 37 18 the

3018 1569 50 17 been
3073 1569 81 18 clothed
3162 1569 47 18 with
3215 1573 12 13 a
3240 1569 83 19 verdure
3332 1574 52 13 more
3394 1570 91 20 abundant

1831 1581 89 24 recently
1936 1581 97 20 resolved,
2052 1587 53 18 upon
2121 1581 37 19 the
2166 1581 63 19 death
2243 1581 21 19 of
2277 1581 32 19 his
2324 1587 73 13 aceem.
2412 1569 1 37 I
2424 1583 60 18 beael
2507 1583 21 18 of
2549 1587 26 13 an
2589 1581 66 19 island
2673 1581 20 19 in
2708 1581 47 18 that
2777 1581 86 18 harbour
2878 1586 12 12 a
2907 1579 85 22 tightly.
3018 1569 50 17 teen

3078 1593 22 15 at
3107 1597 21 13 so
3142 1592 34 17 earl
3197 1597 11 12 a
3215 1592 69 21 period
3293 1592 58 18 while
3356 1592 33 19 the
3396 1600 12 14 g
3455 1584 11 32 g
3490 1573 15 43 th
3513 1573 7 43 2

1831 1606 78 22 plished
1918 1606 52 20 wife,
1980 1606 93 17 Madame
2081 1606 145 21 Parepa-Rosa,
2242 1607 21 15 to
2276 1606 97 17 establish
2387 1611 12 12 a
2412 1603 2 26 '
2424 1606 72 19 corked
2504 1606 71 20 bottle,
2583 1605 120 24 completely
2712 1610 116 17 overgrown
2835 1603 48 18 with
2889 1603 103 18 tarnacles

3018 1615 102 19 advanced
3126 1617 20 17 at
3155 1597 39 37 a!a
3210 1615 19 19 id
3235 1617 50 19 rate,
3338 1616 48 18 all
3409 1600 21 35 rea
3430 1600 7 35 '
3437 1600 7 35 '
3444 1600 7 35 -
3451 1600 8 35 e
3459 1600 8 35 f
3481 1600 32 14 ears

1831 1629 103 18 memorial
1950 1629 124 24 scholarship
2092 1629 65 18 which
2174 1629 71 18 should
2264 1629 81 24 provide
2365 1630 34 18 the
2412 1619 2 33 '
2424 1630 40 18 and
2472 1630 96 18 seaweed.
2598 1629 66 19 When
2673 1629 76 18 broken
2757 1628 17 19 it
2790 1633 44 13 was
2845 1626 64 20 found
2917 1628 21 18 to
2947 1632 45 12 con-
3040 1619 4 33 .
3195 1620 13 18 P
3280 1619 5 33 '
3376 1619 79 15 suture.:
3470 1619 40 19 old

3019 1645 54 12 muse.
3099 1639 53 19 Such
3159 1645 26 12 an
3196 1639 122 24 unexpected
3325 1639 74 25 change
3407 1642 51 18 could
3465 1646 28 15 not
3498 1645 21 19 la.

1831 1654 98 22 privilege
1936 1652 21 19 of
1967 1655 39 18 two
2014 1654 64 24 years'
2083 1652 41 20 free
2131 1652 84 20 musical
2223 1654 105 19 education
2334 1655 21 18 at
2365 1654 34 19 the
2424 1655 44 18 lain
2477 1659 12 13 a
2497 1654 39 25 slip
2544 1652 21 20 of
2574 1659 67 19 paper,
2650 1652 120 25 apparently
2779 1652 63 19 taken
2848 1652 51 18 from
2908 1657 13 13 a
2929 1651 64 22 ship's

3094 1639 11 28 '
3105 1639 47 28 Such

3224 1664 6 17 1
3252 1664 14 17 te
3288 1667 8 15 t
3351 1665 13 18 h
3377 1656 11 8 '''

1831 1678 64 22 Royal
1903 1678 107 22 Academy.
2034 1677 45 18 The
2087 1678 64 18 result
2158 1678 22 18 of
2186 1678 37 18 the
2228 1678 129 24 competition
2370 1678 30 18 for
2413 1663 1 39 '
2425 1678 92 24 logbook.
2550 1678 32 18 All
2596 1678 37 18 the
2646 1678 83 21 writing
2743 1682 53 18 upon
2811 1677 17 18 it
2841 1676 46 18 that
2901 1675 58 19 could
2967 1675 26 18 be
3019 1663 110 25 producing
3137 1667 86 15 itsesua
3240 1670 47 12 eee
3299 1670 8 12 s
3314 1667 34 19 ,t
3364 1671 11 12 e
3386 1665 74 22 upward
3471 1669 53 19 teatlet

1831 1702 34 19 the
1876 1702 76 19 honour
1965 1708 40 12 was
2023 1701 58 20 made
2093 1702 72 18 known
2173 1707 26 14 on
2211 1702 106 25 Saturday,
2331 1702 39 19 and
2385 1702 15 19 it
2413 1693 2 39 ,
2425 1702 58 20 made
2492 1703 37 19 out
2536 1708 40 13 was
2585 1708 21 13 a..
2617 1702 77 19 follows
2751 1700 111 20 December
2870 1702 31 19 14,
2914 1701 78 18 Is6l.-
3005 1693 1 39 :
3031 1693 7 13 i

3019 1690 130 45 3Enemlialihets
3170 1688 39 44 has
3209 1688 14 44 l
3224 1688 54 25 _been
3298 1688 90 22 checked.
3407 1690 33 18 Itilt
3458 1691 30 19 the
3504 1698 20 14 go

1831 1726 19 19 is
1870 1726 123 19 understood
2013 1726 46 19 that
2078 1726 35 19 the
2131 1726 44 19 first
2196 1727 72 19 bolder
2283 1728 21 18 of
2326 1728 15 18 it
2365 1728 35 18 has
2413 1719 2 38 I
2425 1728 51 24 Ship
2484 1728 58 21 Jane,
2559 1727 67 19 Arctic
2636 1726 110 20 Ocean.-I
2769 1724 57 20 write
2841 1724 41 20 this
2900 1724 93 21 knowing
3005 1721 26 14 ''
3045 1719 20 38 ;

3077 1719 6 39 i
3083 1719 6 39 s
3089 1719 7 39 .

3112 1719 14 38 ii
3126 1719 7 38 s
3133 1719 7 38 e
3141 1719 7 38 u
3148 1719 7 38 v
3155 1719 15 38 pp
3180 1719 6 38 l
3185 1719 7 38 i
3193 1719 14 38 es

3220 1713 52 26 ,have
3289 1713 129 45 prevented
3418 1713 15 45 i
3415 1715 52 18 much
3483 1716 41 21 deals

3019 1744 25 12 an
3123 1737 2 30 ;
3148 1744 33 12 era
3203 1737 67 25 places
3287 1739 51 24 fully
3364 1744 14 13 s.
3391 1744 32 19 per
3432 1746 25 18 qr.
3472 1743 52 18 more;

1831 1750 73 20 turned
1915 1757 27 19 up
1950 1752 20 19 in
1981 1752 48 19 Miss
2040 1750 141 26 Bolingbroke,
2190 1757 12 13 a
2209 1752 111 25 promising
2333 1757 67 19 young
2414 1748 1 28 :
2425 1753 45 18 that
2480 1753 9 18 I
2498 1752 53 19 shall
2561 1757 60 13 never
2630 1757 32 13 see
2672 1750 47 20 land
2728 1750 67 24 again,
2803 1750 77 24 hoping
2887 1749 46 19 that
2940 1755 53 13 some

3019 1763 51 18 been
3078 1763 84 18 realised
3176 1768 26 13 on
3219 1763 4 25 I
3229 1768 50 13 rime
3295 1763 89 22 samples.
3409 1763 17 19 It
3438 1770 69 18 aprean

1832 1776 84 19 vocalist
1924 1776 20 19 of
1954 1776 57 19 Hull.
2425 1783 38 13 one
2471 1776 41 19 will
2522 1776 44 25 pick
2576 1776 17 19 it
2601 1783 34 18 up.
2666 1776 111 22 Yesterday
2790 1775 35 18 the
2842 1775 83 22 captain
2940 1774 53 21 died,
3019 1787 35 18 the

3070 1794 7 2 ..
3137 1782 5 17 .
3151 1782 5 17 ;
3219 1782 2 17 -
3274 1782 5 17 ,
3298 1782 4 17 .
3334 1787 12 5 .

3380 1789 70 17 wrath,.

3069 1793 54 12 same
3136 1793 146 18 improvement
3296 1793 21 13 in
3331 1787 34 19 the
3467 1789 40 20 bast

1857 1802 33 18 AN
1903 1802 92 17 ATHEIST
2014 1806 26 13 AT
2057 1806 14 13 A
2085 1800 190 20 UNIVERSITY.-At
2293 1801 35 19 the
2346 1801 57 18 Cam.
2425 1801 65 19 which
2516 1814 6 5 .
2546 1814 6 5 .
2577 1814 7 6 .
2608 1814 6 5 .
2639 1800 9 18 I
2665 1800 65 18 would
2747 1799 56 19 write
2818 1804 54 14 more
2884 1799 17 17 if
2910 1799 9 17 I
2929 1798 64 21 could,
3005 1798 2 22 '

3178 1812 115 19 Continent.
3328 1812 22 19 In
3369 1812 67 19 Frame
3449 1813 31 19 the
3488 1820 8 13 it

3089 1817 26 13 on
3129 1811 35 20 the

3018 1817 14 19 p

1832 1825 73 25 bridge
1912 1825 131 20 Police-court
2053 1832 12 12 a
2081 1825 39 25 boy
2131 1832 39 13 was
2179 1826 89 24 charged
2276 1826 50 19 with
2343 1825 59 20 steal-
2415 1822 1 27 .
2425 1826 547 18 M
2946 1828 47 19 very
2453 1827 27 18 tI
2491 1831 32 14 am
2536 1825 94 24 starving
2646 1826 21 18 to
2798 1824 44 19 The
2858 1822 34 19 ink
2907 1828 18 13 is
2946 1827 261 17 ve
3207 1822 5 27 .
3390 1822 4 27 .
3498 1822 5 27 .

2963 1848 9 6 ~
3019 1837 92 28 tendency
3111 1837 12 28 ,
3136 1837 20 19 of
3181 1843 65 19 prices
3262 1837 37 19 has
3319 1835 50 20 been
3389 1839 116 22 interested,

1833 1857 37 18 rag
1878 1857 12 12 a
1899 1851 137 24 pocket-knife
2052 1851 52 18 frem
2118 1857 13 12 a
2146 1851 102 19 student's
2267 1857 54 12 room
2336 1852 21 17 at
2372 1851 31 18 St.
2425 1851 52 24 pale,
2485 1851 40 18 and
2539 1850 35 19 the
2588 1856 64 19 paper
2666 1848 110 20 somewhat
2789 1848 131 19 discoloured.
2950 1848 44 18 Ilse
3119 1848 4 26 .

3149 1861 35 18 the
3198 1861 161 20 neighbourhood
3372 1861 19 19 of
3404 1863 14 17 P
3459 1852 6 9 'I

3020 1867 85 20 geowers
3118 1867 21 12 in
3174 1867 11 12 e
3419 1869 35 12 arts
3462 1863 54 19 have)

1833 1874 72 19 John's
1918 1874 89 21 College.
2031 1874 43 18 The
2092 1874 90 20 rtudent,
2196 1876 21 17 ti
2233 1874 35 19 the
2287 1876 87 21 surprise
2382 1874 21 17 of
2415 1869 1 28 '
2427 1874 86 22 writing,
2523 1874 78 20 though
2609 1874 113 20 indistinct,
2731 1879 41 12 was
2780 1873 64 21 easily
2857 1872 48 18 read
2920 1872 26 22 by
2959 1872 37 17 the
3020 1869 5 28 '

3511 1887 8 17 e

1325 1910 60 21 THE
1406 1909 183 22 BRUNSWICK
1609 1907 125 22 JEWELS.
1834 1897 35 20 the
1879 1897 72 21 bench,
1961 1897 92 19 declared
2073 1897 81 19 himself
2166 1899 22 15 to
2196 1897 27 19 be
2235 1903 27 13 an
2272 1897 81 22 atheist,
2363 1897 39 18 and
2426 1898 33 18 aid
2469 1897 21 19 of
2497 1903 12 12 a
2516 1897 129 24 magnifying
2653 1897 63 24 glass.
3020 1884 76 24 willing
3106 1886 21 15 to
3142 1886 67 21 accept
3221 1884 32 18 (Id.
3261 1886 22 15 to
3292 1886 27 15 Is.
3333 1884 37 18 less
3379 1890 70 18 money.
3458 1886 9 18 w
3468 1886 28 18 hil
3496 1886 9 18 e

3020 1907 37 19 has
3065 1907 51 19 been
3125 1913 54 13 more
3188 1907 80 19 difficult
3279 1907 20 19 of
3312 1907 52 22 sale;
3378 1907 33 20 but
3422 1909 14 18 el
3441 1910 72 19 aithilles
3519 1907 5 22 i

1833 1922 83 20 refused
1924 1923 21 18 to
1955 1922 25 19 be
1994 1926 71 14 sworn.
2089 1922 41 19 The
2144 1922 119 25 magistrate
2272 1920 130 26 indignantly

2450 1933 18 19 A
2481 1933 66 19 SCHOO
2591 1929 4 30 '
2616 1932 14 19 C
2673 1937 6 4 I
2688 1931 18 19 D
2829 1931 17 18 A
2875 1930 13 20 d
2979 1930 9 19 L
3021 1933 15 19 P
3059 1932 13 20 d
3133 1933 7 19 1
2542 1938 48 13 ,NER
2598 1939 8 9 S
2634 1938 40 13 RENS
2708 1937 39 13 ROM
2754 1936 73 14 NED.-
2851 1930 37 20 tad
2895 1935 84 14 acemen
2989 1929 5 30 ,
3007 1929 1 30 ,
3031 1939 28 13 ,or
3074 1939 48 13 emir
3142 1939 43 13 late
3194 1933 47 25 kept
3252 1932 51 22 firm,
3309 1932 46 20 with
3424 1933 102 21 demLnistl

1272 1945 18 18 A
1298 1943 161 25 correspondent,
1467 1943 83 25 vrriting
1557 1943 52 19 from
1618 1943 81 19 Geneva
1709 1942 40 19 last
1760 1941 52 19 week
1832 1946 107 21 remarked
1948 1946 46 19 that
2002 1946 26 20 he
2042 1946 66 19 would
2118 1949 37 18 not
2170 1950 70 22 accept
2249 1948 34 19 the
2293 1948 110 25 testimony
2417 1941 1 32 '

1251 1968 45 21 lath,
1310 1974 46 18 says
1370 1969 37 18 the
1423 1969 43 17 eale
1481 1968 21 18 of
1518 1969 37 17 the
1567 1967 116 19 Brunswick
1696 1967 70 24 jewels
1779 1967 34 18 has
1832 1972 22 19 of
1869 1972 47 18 such
1925 1978 46 17 ape
2004 1977 19 14 n,
2033 1972 40 18 and
2082 1972 47 18 that
2146 1972 76 22 during
2230 1972 32 19 his
2278 1972 125 24 lengthened
2425 1958 102 22 resulting
2536 1958 20 18 in
2564 1959 37 17 the
2609 1958 39 18 loss
2656 1957 21 18 of
2686 1957 35 18 the
2731 1957 64 18 whole
2803 1957 20 17 of
2836 1956 37 19 the
2888 1962 48 12 crew
2950 1961 11 12 o
3030 1964 53 18 ~e
3083 1964 27 18 p
3131 1955 5 41 e
3142 1965 8 12 e
3150 1965 8 12 .
3227 1964 19 17 g
3256 1955 5 41 ,
3306 1958 25 19 an
3331 1958 13 19 d
3363 1959 61 18 hiellon
3424 1959 8 18 .
3432 1959 9 18 i
3455 1961 9 17 ,
3464 1961 11 17 4
3510 1961 7 18 b
3517 1961 8 18 ,
2962 1955 33 18 fa
3020 1958 6 18 1
3033 1961 25 15 tit
3072 1959 58 17 rla
3197 1959 57 17 Pli
3263 1965 26 11 un

1250 1991 131 19 commenced.
1407 1991 60 25 Many
1475 1991 21 19 of
1505 1991 37 19 the
1554 1991 69 22 jewels
1636 1991 40 17 will
1688 1996 26 18 go
1727 1993 21 15 to
1761 1990 53 21 Eng-
1833 1996 116 22 experience
1958 1996 26 17 he
1993 1995 40 18 had
2041 2001 61 13 never
2117 1996 135 18 remembered
2265 1996 48 18 such
2328 2002 12 12 a
2353 2001 51 13 case.
2417 1980 1 39 '
2505 1981 94 19 occurred
2608 1984 22 14 at
2640 1987 33 12 sea
2681 1987 26 12 on
2718 1981 46 18 13th
2771 1980 64 24 April.
2851 1980 44 19 The
2901 1980 96 18 schooner
3021 1983 74 22 change
3096 1983 13 22 ,
3118 1985 21 14 at
3150 1983 104 22 Hamburg
3260 1982 45 18 then
3322 1982 34 18 has
3366 1983 47 17 been
3422 1989 22 11 us
3450 1989 17 14 g
3470 1985 38 20 sing
3513 1990 11 11 ic

2427 1982 9 37 ,
2437 1982 60 37 eseel,
2505 1987 34 13 occ
2634 1982 5 37 ;
2719 1982 5 37 ;

1250 2016 53 21 land,
1316 2022 24 13 as
1351 2016 58 19 there
1419 2022 33 13 are
1460 2015 78 20 several
1553 2014 83 20 London
1649 2014 167 25 representatives
1832 2020 45 20 The
1894 2020 38 25 boy
1942 2026 46 17 was,
2004 2020 97 22 however,
2111 2020 105 20 convicted
2231 2026 26 13 on
2270 2019 32 20 his
2313 2021 79 18 master'
2829 2003 9 18 f
2901 2003 26 18 kll
2966 2003 7 18 f
2427 2003 5 41 .
2441 2006 67 21 evilla,
2526 2006 21 19 ef
2564 2006 122 19 Christrana,
2704 2006 110 19 Sivertsen,
2839 2009 41 13 rona
2895 2009 58 12 coa
2974 2008 22 13 or
3025 2006 39 19 and
3081 2006 39 19 fine
3138 2006 64 19 wheat
3221 2008 21 17 at
3259 2006 65 19 Dante
3332 2011 15 14 e,
3361 2007 118 18 notwithstin
3485 2009 33 22 Meg

1248 2041 85 24 bidding
1342 2041 69 24 freely,
1420 2041 38 18 but
1466 2040 35 19 the
1511 2040 93 24 majority
1612 2040 21 18 of
1645 2040 35 18 the
1696 2039 73 25 buyers
1782 2044 34 13 are
1832 2044 11 25 t
1843 2044 35 25 est
1878 2044 12 25 i
1890 2044 35 25 mon
1925 2044 12 25 y
1937 2044 12 25 .
2394 2026 9 12 s
2427 2030 122 20 Steekholm,
2563 2030 41 18 and
2615 2029 37 19 the
2667 2028 69 20 Dutch
2751 2029 96 18 schooner
2863 2028 66 19 Diana
2941 2033 56 13 came
3021 2031 180 24 creasedsupplies,
3211 2031 15 18 is
3234 2030 145 20 ratherdearer.
3393 2031 25 18 As
3425 2037 31 17 reg
3462 2031 32 19 las
3498 2031 22 19 fat

1250 2067 104 17 Germans.
1378 2066 31 18 On
1419 2065 34 19 the
1462 2065 44 19 first
1519 2065 39 25 day
1574 2066 22 17 14
1611 2063 39 19 lots
1659 2070 51 13 were
1723 2063 92 24 disposed
2426 2055 44 18 into
2479 2055 89 18 collon
2577 2055 21 18 in
2607 2054 35 19 lat.
2653 2055 54 17 56.32
2717 2054 19 18 N
2750 2053 40 19 and
2798 2053 53 18 lone.
2864 2054 31 17 5.2
2904 2053 22 18 E.
2953 2052 44 19 The
3021 2057 102 21 ',respects
3129 2056 124 18 everywhere
3266 2056 37 18 the
3308 2062 25 12 en
3333 2061 31 17 ere
3370 2056 41 18 look
3416 2057 98 21 preeting

1858 2075 15 18 C
1890 2080 11 13 L
1916 2080 39 12 NEL
1963 2075 90 18 GOFDON
2068 2080 14 12 N
2093 2075 17 17 E
2148 2080 15 12 T
2172 2074 69 19 -The
2250 2076 37 17 Db
2301 2076 6 15 t
2327 2076 78 21 reports
2738 2057 5 41 *
2833 2069 11 7 7
2940 2076 8 18 f
2972 2076 13 18 h
3175 2057 4 41 '
3255 2057 4 41 *
3474 2070 33 28 'il
3511 2057 7 20 '
3519 2057 8 20 1

1876 2082 6 11 s
1881 2082 6 11 t
1903 2081 19 12 0.
2004 2076 5 28 .
2060 2081 15 11 r.
2112 2080 18 13 H
2130 2080 18 13 u
2165 2076 5 28 .
2268 2082 15 11 e
2283 2082 17 11 H
2308 2081 8 11 3
2327 2080 46 18 reDO
2426 2085 51 13 CM,
2486 2079 21 18 of
2516 2079 35 18 the
2559 2079 61 18 latter
2630 2083 51 13 were
2693 2078 28 19 all
2735 2076 100 20 drowned.
2862 2076 52 19 That
2927 2078 110 19 oteit
3053 2080 17 17 is
3079 2080 79 24 equally
3171 2080 56 22 plain
3240 2079 46 19 that
3301 2081 65 15 steels
3374 2080 48 18 have
3430 2086 12 17 g
3449 2086 45 12 here
3506 2087 8 18 y
3521 2087 11 12 n

1250 2089 20 20 of
1278 2089 31 19 for
1317 2091 67 20 911,1'55
1394 2089 72 21 france
1480 2089 61 19 about
1558 2089 69 20 27,000
1643 2088 66 18 francs
1722 2094 46 12 me
1781 2088 37 18 the
1834 2099 47 19 that
1890 2105 13 12 a
1909 2099 98 21 telegram
2021 2105 41 12 was
2072 2099 90 19 received
2170 2100 22 17 at
2204 2099 63 19 Home
2281 2099 51 19 from
2346 2099 58 18 Cairo
2417 2088 2 39 '
2426 2104 76 18 former
2509 2109 52 12 were
2569 2102 61 19 saved
2640 2102 46 22 only
2695 2102 53 18 after
2757 2101 99 22 enduring
2867 2102 57 21 great
2937 2100 59 19 hard-
3021 2104 61 21 short,
3097 2104 41 19 and
3151 2104 79 24 though
3244 2109 37 13 onr
3295 2104 50 19 sales
3360 2104 35 19 last
3412 2106 47 17 wee
3468 2105 64 18 tintsa

1250 2114 106 18 estimated
1364 2114 70 21 value;
1448 2113 40 19 and
1498 2114 46 17 nine
1552 2113 40 18 lots
1600 2118 51 13 were
1662 2112 123 19 withdrawn,
1791 2117 26 12 no

1833 2128 28 13 on
1870 2119 35 22 the
1920 2122 46 19 20th
1983 2122 63 25 April,
2060 2122 130 25 announcing
2203 2122 46 19 that
2262 2122 83 19 Colonel
2353 2122 48 19 Gor-
2426 2128 56 20 ships
2515 2127 39 19 For
2562 2127 80 19 fortv-ei
2659 2127 22 18 It
2696 2126 13 19 b
2774 2125 48 25 they
2874 2126 12 18 k
2898 2125 13 19 d
2937 2126 8 17 t
2960 2124 37 19 the
3261 2128 17 7 et
3279 2118 194 32 'g
2666 2118 5 32 1
2712 2132 45 13 ours
2800 2131 22 19 ey
2833 2126 51 18 work
2887 2131 11 13 0
2924 2130 11 13 a
2986 2130 11 13 e
3022 2128 73 19 ceeded
3113 2128 58 19 those
3193 2128 21 19 of
3237 2128 53 20 18/3,
3307 2128 57 19 these
3380 2135 32 12 are
3429 2128 53 19 about
3501 2130 31 20 10,0

1251 2139 87 18 increase
1355 2138 60 22 being
1433 2137 73 20 offered
1522 2143 27 13 on
1566 2137 37 19 the
1617 2140 58 21 upset
1688 2137 60 25 price.
1773 2135 44 19 TM

1835 2153 39 39 Eon
1894 2148 35 19 the
1944 2148 122 19 Lieutenant
2080 2148 20 18 of
2113 2148 37 19 the
2165 2148 38 18 Kb
2204 2148 9 18 ~
2213 2148 9 18 d
2223 2148 32 18 ive
2269 2148 21 18 in
2304 2148 39 19 Sou
2459 2148 7 2 '
2479 2141 9 5 -

2353 2147 52 19 horn
2426 2158 73 19 pumps
2515 2152 40 19 and
2563 2146 110 28 hadgiven
2680 2157 28 18 up
2718 2151 26 19 all
2753 2150 52 25 hope
2810 2148 91 25 ofteing
2907 2148 90 21 rescue&
3022 2156 91 21 (peter:3
3128 2153 61 19 below
3198 2152 58 20 three
3266 2153 13 18 ~.
3279 2153 7 18 f
3301 2154 52 20 lts72,
3363 2153 37 18 and
3409 2153 32 18 the
3451 2160 18 11 n
3477 2159 17 13 re
3501 2160 20 13 we
3527 2146 5 31 i

1251 2164 71 18 second
1330 2163 39 30 day
1378 2164 22 18 26
1410 2163 39 19 lota
1454 2161 90 25 brought
1550 2163 79 21 293,280
1636 2161 71 21 francs,
1715 2161 37 19 the
1772 2163 45 22 poet

1835 2173 76 21 Egypt,
1924 2173 13 18 h
1951 2179 11 12 s
1969 2172 143 20 nromulgated
2119 2179 12 13 a
2139 2173 71 19 decree
2219 2173 51 19 from
2284 2173 46 19 Kha
2502 2166 4 34 '
2331 2174 73 20 rteum,
2427 2177 57 19 when
2493 2176 48 25 they
2551 2181 51 13 were
2610 2176 71 25 meked
2692 2181 27 19 up
2727 2176 27 22 by
2764 2176 35 19 the
2806 2174 89 20 Swedish
2901 2174 97 19 schooner
3022 2184 56 17 qire
3086 2184 22 13 as
3117 2179 21 18 to
3148 2180 61 19 stores
3220 2178 20 18 in
3254 2178 37 18 the
3302 2180 87 20 country,
3403 2178 31 18 the
3443 2178 33 18 Ims
3483 2178 46 19 settee

1251 2187 53 25 price
1312 2187 76 22 having
1397 2187 50 19 been
1457 2189 79 19 257.9e0
1544 2187 74 18 francs.
1643 2186 144 40 Tull;
1714 2191 104 13 maem
1854 2191 59 13 es,e,.
1926 2179 12 21 .
1938 2179 12 21 a
1969 2191 8 6 -
1988 2197 11 7 ,
2041 2186 19 9 le
2099 2179 4 47 .
2137 2179 4 47 .

1834 2200 128 20 promortnag
1978 2200 35 14 tne
2022 2198 58 17 trade
2098 2203 20 11 re
2135 2203 63 18 Ivory,
2211 2197 37 19 the
2262 2198 65 22 staple
2334 2197 21 18 of
2367 2197 37 18 the
2427 2200 11 24 h
2438 2200 12 24 a
2450 2200 47 24 pid,
2532 2200 43 19 The
2594 2200 65 22 'Rapid
2676 2206 40 12 was
2733 2200 67 18 bound
2822 2199 31 18 for
2870 2198 125 22 Hartlepool.
3021 2207 33 13 ace
3064 2207 28 13 we
3102 2207 21 13 aa
3131 2204 22 15 to
3162 2202 52 18 their
3224 2207 83 17 everage
3317 2202 94 21 strength.
3437 2202 20 18 in
3468 2203 52 18 Neel

1251 2212 96 20 brilliant,
1361 2211 100 22 weighing
1475 2213 24 15 10
1512 2212 71 19 carats,
1603 2216 39 12 was
1662 2210 34 18 the
1866 2210 366 24 _,_
2598 2210 122 24 .

1251 2241 53 13 some
1317 2235 60 25 sharp
1390 2235 91 22 bidding,
1494 2233 40 19 and
1547 2239 40 13 was
1600 2233 113 24 ultimately
1727 2233 44 18 sold
1787 2233 31 17 for
1827 2220 156 28 ,e'le`etraders,
1996 2220 39 18 and
2046 2220 102 22 declaring
2157 2220 46 19 that
2217 2226 109 13 commerce
2334 2220 71 20 hems-
2427 2226 31 17 On
2471 2225 84 22 passing
2576 2224 37 19 the
2633 2224 72 18 mouth
2722 2223 21 19 of
2763 2223 34 18 the
2816 2223 59 18 Firth
2894 2222 22 19 of
2934 2222 64 18 Forth
3021 2226 65 22 prices
3096 2225 53 18 have
3157 2226 70 17 rather
3234 2225 20 21 yi
3262 2225 50 18 eded
3328 2231 32 15 say
3370 2226 58 17 thout
3438 2226 17 15 Is
3469 2231 27 15 per
3509 2232 11 14 e

1834 2244 56 20 forth
1898 2251 12 12 a
1918 2233 137 30 Government
2068 2244 111 25 monopoly.
2206 2244 43 20 The
2262 2244 110 20 formation
2383 2244 21 20 of
2758 2248 11 18 t
2819 2246 69 19 Willie
2933 2246 58 19 Scott
3007 2233 5 35 '
3236 2233 4 35 -
3314 2233 5 35 *
3351 2233 5 35 '
3370 2233 5 35 *
3456 2238 6 5 *
3470 2235 58 14 -'7

1251 2261 66 21 18,000
1330 2259 81 22 francs;
1433 2259 40 19 and
1485 2259 45 19 four
1547 2258 73 21 rubies,
1639 2258 102 24 weighing
1757 2257 60 19 about
1923 2248 4 34 .
2020 2269 86 4 __
2207 2269 6 4 ,
2262 2269 6 4 _
2427 2249 35 19 she
2483 2248 136 20 encountered
2640 2248 35 19 the
2693 2248 77 19 steam
2758 2248 38 24 tug
2809 2248 5 34 .
2888 2252 35 22 m
2923 2252 37 22 .
2960 2252 37 22 ,
3007 2248 5 34 ;
3024 2250 59 24 ueing
3097 2249 107 19 estimated
3217 2249 46 19 that
3278 2250 34 19 the
3325 2252 77 21 present
3416 2251 67 21 growth
3491 2251 25 18 iii

1835 2276 113 18 companies
1958 2270 39 18 and
2007 2272 20 15 of
2040 2272 69 15 armed
2121 2270 71 21 bands,
2205 2272 31 17 for
2245 2271 100 18 whatever
2357 2275 47 20 pur-
2426 2275 21 18 of
2457 2274 84 19 Dundee
2574 2274 64 22 Being
2646 2272 57 19 short
2711 2272 21 19 of
2754 2278 97 13 revisions
2865 2272 35 19 the
2915 2277 25 13 ca
2953 2271 30 19 tam
3008 2270 4 32 I
3021 2282 9 9 e
3059 2275 76 18 tbeo
3142 2275 20 18 d
3170 2275 45 18 that
3237 2275 79 24 fhey
3331 2281 11 11 a
3366 2275 11 17 li
3379 2281 11 12 n
3393 2270 5 32 t
3409 2275 21 17 th
3450 2274 59 19 inert&
2740 2278 14 19 p
2969 2270 4 32 .
3008 2270 1 32 .
3033 2281 25 13 en
3070 2270 5 32 .
3319 2281 11 12 e
3343 2281 14 13 I,
3431 2282 8 9 C

1251 2285 39 19 five
1310 2287 65 18 carats
1396 2285 57 20 each.
1473 2290 39 13 run
1528 2289 28 19 up
1574 2283 51 19 from
1645 2285 47 17 5000
1711 2283 67 19 francs
1796 2285 21 15 to
1844 2284 63 22 e
1906 2294 39 19 and
1955 2294 35 19 the
2000 2294 135 19 introdection
2144 2294 20 18 of
2174 2301 54 12 arms
2242 2300 22 13 or
2272 2295 80 24 powder
2354 2295 13 8 '
2541 2287 6 6 *

2361 2296 44 17 Into
2426 2298 21 19 of
2456 2298 35 18 the
2502 2300 37 21 tug
2548 2304 40 12 was
2602 2298 63 18 asked
2681 2298 17 18 if
2714 2298 26 17 he
2756 2297 65 18 would
2837 2297 48 18 take
2894 2296 35 19 the
2942 2296 54 22 ship.
3022 2302 21 17 in
3061 2300 106 19 Louisiana
3183 2300 51 18 have
3249 2298 96 20 dammed
3361 2301 74 18 tete)oo
3448 2306 35 17 qrs.
3489 2298 15 19 of
3509 2306 7 13 t

1252 2311 67 19 13,000
1330 2310 74 17 francs.
1429 2309 65 18 There
1504 2314 39 12 was
1558 2314 54 12 more
1622 2308 77 22 variety
1707 2307 21 18 in
1742 2308 74 22 yester-
1835 2300 67 38 pose,ee
2035 2319 12 18 d
2072 2319 6 18 1
2114 2319 13 19 d
1903 2320 78 22 rritory,
1993 2324 34 13 are
2049 2324 21 12 ec
2079 2324 33 13 are
2137 2319 76 24 illegal.
2417 2300 2 47 '
2427 2323 89 18 wrecked
2525 2328 50 12 crew
2584 2327 25 13 on
2619 2321 69 21 board,
2696 2321 40 18 and
2745 2321 48 18 land
2807 2320 56 19 them
2877 2326 22 12 as
2914 2326 47 12 soon
2974 2324 22 13 as
3008 2300 1 47 .
3021 2323 39 19 and
3070 2329 48 18 very
3126 2323 59 18 mch
3195 2329 53 12 more
3257 2324 20 17 M
3286 2324 65 17 cotton
3360 2323 37 18 and
3412 2329 69 14 sonar,
3491 2328 15 13 Po
3515 2324 11 17 I.

1251 2334 57 21 das'e
1324 2334 48 20 sale,
1382 2331 39 19 and
1429 2337 12 13 a
1450 2331 41 19 real
1505 2335 13 8 te
1525 2331 102 19 sensation
1658 2337 40 12 was
1715 2331 71 18 caused
1798 2331 20 17 in

1251 2357 37 18 the
1296 2357 81 18 auction
1385 2362 54 12 room
1447 2356 26 22 by
1482 2356 35 18 the
1526 2356 103 21 discovery
1636 2355 46 18 that
1688 2360 57 13 some
1753 2354 20 18 of
1783 2355 34 17 the
1860 2348 43 17 The
1912 2347 54 18 sixth
1975 2347 76 18 anneal
2059 2347 81 18 festival
2150 2348 20 17 of
2179 2347 35 19 the
2223 2348 79 18 French
2308 2348 96 22 Hospital
2426 2346 93 25 possible.
2532 2346 30 18 To
2568 2346 41 18 this
2614 2346 26 18 he
2647 2344 77 24 reaffily
2731 2344 92 19 assented
2831 2344 5 34 ;
2845 2344 39 18 and
2898 2344 98 20 although
3008 2344 1 34 '
3022 2349 67 18 25,i50
3099 2347 71 24 people
3178 2347 52 18 have
3239 2347 50 18 been
3294 2347 104 24 compelled
3407 2350 19 13 to
3436 2347 52 22 apply
3494 2348 46 15 tot

1251 2382 69 17 stones
1332 2386 50 12 were
1395 2382 37 15 not
1446 2380 92 22 gettethe,
1564 2380 32 17 An
1609 2378 93 21 emerald,
1715 2376 103 25 weighing
1835 2376 41 13 was
1885 2370 47 19 held
1942 2376 25 13 on
1976 2370 106 24 Saturday.
2107 2370 28 19 M.
2144 2370 87 21 Gathrd,
2242 2370 78 19 French
2327 2370 78 24 Charge
2427 2376 25 12 en
2463 2370 35 18 the
2512 2370 44 17 look
2568 2370 33 17 out
2616 2369 32 18 for
2663 2369 54 22 ships
2740 2368 37 19 the
2790 2370 39 20 tug
2842 2370 21 15 at
2875 2373 50 13 once
2939 2367 59 18 made
3008 2367 1 35 :
3024 2376 54 17 gress
3087 2370 33 19 for
3129 2370 35 18 the
3174 2376 67 12 means
3250 2370 20 18 of
3286 2370 83 18 h
3369 2370 54 17 while
3437 2370 15 18 it
3468 2370 70 18 masted

1252 2405 35 24 lle
1297 2406 71 21 carats,
1383 2402 39 21 and
1431 2408 31 14 set
1475 2409 28 19 up
1518 2405 20 18 at
1548 2405 47 18 3500
1605 2404 73 21 francs,
1688 2408 39 13 was
1736 2401 79 20 handed
1828 2376 1 52 .
1837 2394 112 22 d'Affcires,
1958 2401 40 12 was
2007 2395 20 18 in
2037 2394 35 19 the
2086 2394 63 22 chair,
2163 2395 40 19 and
2216 2396 59 18 made
2283 2402 12 12 a
2308 2395 97 25 powerful
2427 2394 30 19 for
2467 2393 89 20 Dundee.
3008 2376 2 52 I
3021 2398 40 17 two
3070 2395 80 19 Months
3162 2399 19 14 to
3190 2395 53 18 ..lear
3256 2395 26 18 off
3293 2376 27 37 r
3320 2376 54 37 um
3374 2376 54 37 tl
3429 2395 56 17 water
3494 2393 39 19 atdr

1252 2430 64 20 round
1329 2430 32 19 for
1374 2430 118 25 inspection,
1505 2428 39 20 and
1553 2435 40 13 was
1603 2430 20 19 at
1631 2434 50 13 once
1693 2428 125 24 pronounced
1834 2421 74 24 appeal
1929 2426 25 13 on
1968 2420 70 19 behalf
2059 2420 9 19 o
2068 2420 11 19 f
2099 2420 37 20 the
2157 2420 85 25 charity.
2272 2421 28 19 111.
2321 2421 84 24 Eugene
2418 2418 1 37 I
2452 2424 53 18 How
2518 2428 26 13 To
2557 2422 103 19 IDENTIFY
2673 2428 14 13 A
2699 2422 119 19 THIEF.-A,
2831 2421 91 26 singular
2931 2421 66 20 action
3022 2426 56 14 sume
3086 2419 35 21 the
3129 2420 120 20 cultivation
3265 2419 21 20 of
3299 2420 33 19 the
3346 2419 52 19 Find.
3422 2419 58 18 The,
3487 2418 44 30 flirg

1252 2458 21 17 to
1286 2456 26 19 be
1330 2456 51 18 false
1400 2454 27 22 by
1440 2454 76 19 seteral
1534 2454 21 18 of
1572 2454 37 18 the
1625 2453 129 24 professional
1773 2459 19 11 c:
1805 2458 13 12 n
1838 2446 92 21 Himmel,
1939 2445 35 19 the
1983 2445 46 19 hon.
2047 2446 106 22 secretary,
2165 2445 47 20 read
2222 2446 35 19 the
2270 2447 74 22 rePort
2353 2446 52 19 froln
2428 2448 37 19 has
2473 2448 44 24 just
2526 2448 50 19 been
2585 2448 83 19 decided
2683 2448 21 18 in
2719 2448 37 18 the
2765 2448 72 19 Sheriff
2846 2447 61 19 Court
2916 2447 21 19 of
2952 2447 38 18 For
3008 2445 2 32 I
3022 2445 119 24 sufficiently
3150 2446 78 18 remind
3237 2452 24 11 tle
3269 2446 44 18 that
3322 2446 34 18 the
3363 2445 65 18 fairest
3436 2450 92 19 premeeera

1252 2480 89 22 present.
1365 2479 17 17 A
1400 2479 47 18 blue
1463 2478 97 20 brilliant,
1577 2477 103 24 weighing
1698 2477 34 20 131
1838 2470 65 18 which
1924 2471 17 17 it
1962 2469 99 24 appeared
2081 2469 47 19 that
2151 2470 35 18 the
2206 2470 90 24 patients
2314 2472 41 15 cost
2368 2470 37 18 but
2428 2473 92 18 farshire.
2545 2473 44 18 The
2604 2473 87 22 plaintiff
2701 2478 40 11 was
2757 2472 66 18 David
2838 2472 69 20 Nairn,
2921 2472 78 17 salmon
3009 2469 1 34 I
3021 2470 40 18 end
3070 2470 17 18 is
3096 2470 180 24 dieappointment.

1253 2503 89 24 brought
1356 2504 66 20 17,0G0
1437 2502 72 19 francs.
1537 2503 15 18 A
1563 2502 28 19 lot
1605 2502 20 19 of
1635 2500 65 19 tinted
1708 2500 110 20 dianmsis,
1838 2494 8 18 2
1846 2494 19 18 s.
1879 2493 11 21 2
1890 2493 33 21 1d.
1932 2499 35 18 per
1977 2494 50 18 head
2042 2493 52 24 daily
2094 2493 11 24 ,
2120 2493 39 19 and
2172 2493 37 19 the
2225 2494 117 19 institution
2355 2499 50 19 pays
2430 2496 66 21 fisher,
2505 2496 39 19 and
2562 2497 37 18 the
2619 2496 111 19 defendant
2744 2496 69 19 James
2828 2496 73 21 Millar,
2919 2496 80 18 fanner.
3009 2493 1 33 1
3250 2503 109 19 CATTLE.

1252 2528 103 24 weighing
1368 2529 35 18 809
1417 2529 72 19 carats,
1499 2533 51 13 were
1564 2526 45 19 sold
1623 2525 32 19 for
1669 2526 67 20 4e,300
1746 2526 37 17 fra:
1792 2532 27 14 es,
1830 2522 34 19 :no
1873 2524 54 13 more
1939 2517 50 20 than
2007 2519 53 18 212
2073 2523 37 19 per
2125 2523 74 14 annum
2216 2518 20 19 in
2251 2519 87 19 salaries.
2365 2519 41 19 The
2431 2522 63 18 Nairn
2503 2520 78 24 alleged
2590 2520 47 19 that
2646 2520 41 19 late
2695 2526 38 13 one
2750 2520 59 24 night
2822 2520 27 19 he
2856 2526 40 12 was
2907 2525 47 14 near
2962 2519 37 20 the
3009 2517 1 34 ;
3047 2529 9 11 Y

3048 2533 93 17 a.ONDON,
3155 2528 58 25 51011
3213 2528 12 25 ,
3224 2528 12 25 1
3236 2528 81 25 Hy.-The
3325 2528 60 19 cattle
3393 2528 54 19 trade
3454 2528 32 19 ho
3494 2533 44 13 seen;

1253 2552 40 18 and
1310 2557 13 12 a
1338 2557 50 15 pure
1406 2551 90 17 brilliant
1512 2551 20 17 of
1550 2552 22 15 39
1590 2552 65 14 carats
1672 2555 39 12 was
1729 2549 43 18 sold
1786 2550 33 15 for
1830 2542 1 34 '
1838 2542 80 22 charity
1936 2542 91 18 received
2046 2543 47 17 .tliB.
2115 2544 28 15 es.
2161 2543 32 17 Bd.
2209 2543 51 18 from
2274 2544 35 17 the
2323 2543 81 22 Sunday
2430 2546 61 17 house
2500 2546 20 17 of
2535 2545 110 18 defendant
2654 2546 20 15 in
2691 2546 59 20 quest
2764 2545 20 17 of
2797 2545 37 17 the
2849 2546 80 15 servant
2941 2544 58 22 girths,
3009 2542 1 34 '
3022 2559 12 11 a
3039 2555 107 21 very-quiet
3155 2555 59 15 state.
3230 2552 43 18 The
3281 2552 87 22 Supplies
3376 2552 47 18 have
3429 2552 44 17 been
3478 2551 60 19 talent!

1253 2576 67 19 39,000
1336 2575 73 17 francs.
1435 2574 44 18 The
1499 2572 41 19 hell
1587 2572 67 20 Scene,
1674 2572 100 22 weighing
1798 2572 7 17 t
1805 2572 14 17 29
1838 2565 94 24 Hospital
1942 2565 65 20 feed,
2017 2565 40 18 Ole
2069 2565 9 26 '
2079 2565 9 26 ,
2088 2565 30 26 on!
2127 2565 37 19 the
2172 2565 77 19 French
2259 2567 143 20 Government,
2430 2569 58 18 when
2496 2569 59 18 sled
2556 2569 97 18 efendaM
2661 2568 74 18 relied
2744 2569 41 20 oe,
2796 2568 46 18 bee
2851 2568 43 18 hiin
2902 2568 97 22 sethrely,
3009 2565 1 33 ;
3022 2576 52 22 good
3086 2577 39 17 and
3133 2576 97 17 mfficient
3240 2576 31 17 for
3279 2577 145 21 requirem.ente,
3430 2575 45 18 sales
3478 2575 35 18 tins
3524 2574 15 21 RI

1253 2598 66 18 carats
1338 2603 40 12 was
1395 2597 44 18 sole
1454 2598 22 17 to
1492 2602 26 12 an
1534 2597 37 17 Am
1584 2597 56 15 ricer
1656 2596 117 22 gentleman
1789 2596 30 15 for
1838 2590 40 17 and
1887 2590 54 17 lOO
1949 2589 51 17 free
2009 2589 35 17 the
2056 2590 21 15 1
2106 2589 19 17 :,*
2132 2589 85 18 tumale.
2431 2593 39 18 and
2485 2591 118 19 afterwerds
2616 2591 90 22 stripp.al
2721 2591 43 18 him
2778 2591 22 18 of
2812 2591 69 17 ever
2896 2591 162 26 articleout
3076 2600 128 22 progressing
3220 2598 74 24 slowly.
3325 2598 56 18 From
3394 2604 34 12 our
3442 2603 37 13 ;ten
3488 2598 53 21 graea

1254 2623 48 18 7500
1311 2622 73 17 francs.
1408 2621 44 18 The
1466 2620 67 19 orders
1546 2619 39 19 and
1602 2619 70 19 rollers
1681 2619 109 22 belonging
1799 2621 20 17 to
1863 2622 46 18 'Pee
1923 2622 103 18 WINDSOR
2039 2622 52 18 STAt.
2106 2597 2 50 .
2122 2622 124 19 CUP.-This
2259 2622 148 25 richly-chased
2430 2615 97 24 clothing.
2551 2615 44 19 The
2603 2615 89 24 plaintiff
2700 2614 40 19 had
2753 2616 21 17 to
2786 2614 51 18 walk
2848 2597 11 34 o
2858 2597 11 34 '
2869 2597 11 34 n
2880 2597 11 34 '
2890 2597 11 34 e
2910 2614 57 18 miles
2976 2614 22 18 in
3009 2597 1 50 '

3009 2623 1 17 .
3438 2623 33 17 -

3471 2622 72 17 ...elerati

1254 2646 35 20 the
1298 2644 40 20 late
1350 2646 57 18 Duke
1416 2650 50 13 were
1474 2647 38 24 put
1526 2650 28 19 up
1570 2644 94 22 together
1677 2644 21 19 in
1715 2649 38 14 one
1761 2643 27 19 lot
1799 2646 20 17 at
1838 2646 40 20 and
1887 2647 110 19 handsome
2011 2653 45 18 cup,
2070 2646 65 20 which
2151 2647 72 20 Prince
2236 2647 79 20 Charlie
2328 2654 44 13 won
2385 2650 21 17 at
2430 2646 12 13 a
2451 2641 20 18 st
2471 2641 11 18 a
2481 2641 21 18 te
2517 2639 21 20 of
2555 2639 98 27 ,omplete
2667 2637 72 26 nudity
2748 2640 21 18 to
2778 2637 35 20 the
2823 2641 79 17 nearest
2913 2640 109 24 p
3021 2623 98 20 districts,
3129 2623 33 18 the
3172 2623 85 22 receipts
3262 2622 21 19 of
3292 2622 65 19 beasts
3364 2622 13 18 h
3384 2628 30 13 .ve
3419 2622 11 17 b
3442 2628 21 12 ea

2927 2637 41 20 lace
2978 2637 21 20 of
3009 2637 1 30 '
3028 2647 34 20 stud
3079 2647 52 20 have
3152 2647 93 20 included
3267 2654 54 12 solo'
3345 2648 21 17 1.,
3366 2648 7 17 ,
3373 2648 7 17 i
3390 2654 13 9 ,
3418 2646 28 19 eli
3446 2646 9 19 e
3456 2646 20 19 ne
3476 2646 9 19 e
3485 2646 11 19 .
3520 2644 22 19 ab

1254 2673 69 20 82,000
1329 2670 8 19 f
1341 2676 61 13 retes.
1413 2670 65 19 There
1482 2676 39 12 was
1526 2670 37 18 not
1569 2669 56 19 iamb
1629 2669 135 22 ledding,and
1773 2669 46 21 they
1830 2663 2 32 .
1838 2672 94 18 Windsor
1952 2676 27 13 on
1993 2672 98 24 Saturday
2106 2678 60 15 weed,
2180 2675 113 20 represents
2307 2673 99 18 incidents
2431 2665 81 19 shelter.
2538 2665 39 19 For
2593 2665 41 19 this
2647 2663 78 20 assault
2733 2663 40 20 and
2787 2666 83 21 outrage
2880 2663 25 19 he
2914 2663 85 20 claimed
3024 2673 85 19 demand
3126 2674 35 17 bag
3176 2674 50 17 been
3240 2674 92 19 inectiye,
3341 2672 38 18 and
3396 2672 33 18 the
3444 2672 80 22 tendency
3536 2675 8 13 o

1254 2695 69 22 finally
1332 2695 35 18 bee
1375 2700 38 11 one
1421 2695 35 18 the
1465 2695 94 22 property
1567 2693 21 18 of
1597 2694 28 17 Si.
1633 2693 81 22 Borges,
1723 2693 21 18 of
1757 2693 57 18 Paris
1838 2696 116 19 intimately
1963 2696 51 18 conn
2014 2696 58 18 eeed
2081 2696 48 18 With
2138 2696 35 18 the
2187 2696 76 24 history
2277 2696 21 18 of
2314 2696 92 19 Windsor
2430 2689 54 18 l5O
2493 2689 102 22 damagt.s.
2620 2689 44 18 The
2672 2689 128 18 defendant'a
2809 2695 45 11 ease
2868 2694 41 12 was
2916 2688 47 18 that
2973 2688 26 18 he
3024 2698 63 22 prieee
3096 2696 150 18 le,feesmeeee.
3273 2696 43 18 The
3331 2688 5 32 I
3344 2699 28 14 est
3389 2698 51 15 sees
3452 2695 32 18 ani
3494 2699 52 13 wows

1254 2720 21 18 at
1284 2720 69 20 88,200
1364 2718 73 18 francs.
1831 2719 77 21 [Castle
1937 2714 44 24 the
1995 2721 35 17 has
2115 2725 26 13 on
2154 2719 66 19 either
2235 2720 43 18 side
2290 2720 21 19 of
2324 2720 35 19 the
2368 2726 38 19 cup
2431 2713 39 18 had
2479 2713 73 18 IlliSFed
2562 2713 77 18 threat
2647 2712 80 19 articles
2735 2712 51 18 from
2796 2712 32 18 his
2836 2712 58 19 farm,
2903 2717 18 12 a
2929 2711 14 19 d
2952 2711 47 19 that
3009 2711 1 34 .
3024 2722 51 17 hare
3083 2721 69 18 ma
3151 2721 278 18 d,.tel..
3455 2719 32 17 Fro
3488 2722 14 13 la
3514 2718 32 18 Nor

1839 2750 34 14 are
1883 2744 34 19 the
1930 2744 103 25 reception
2046 2744 22 19 of
2085 2744 54 25 King
2157 2744 85 20 Edward
2255 2745 39 18 111.
2302 2744 27 25 by
2339 2746 67 22 Queen
2431 2737 26 19 he
2471 2737 40 19 had
2528 2737 51 19 been
2593 2737 79 24 greatly
2681 2735 90 25 annoyed
2785 2735 26 25 try
2824 2737 96 24 poachers
2937 2735 61 24 going
3022 2746 47 18 folk.
3081 2745 81 21 Suffilk,
3180 2735 4 33 :
3189 2746 9 13 e
3207 2752 38 12 -:,
3259 2751 17 11 m
3292 2735 4 33 1
3312 2747 6 11 1
3318 2747 7 11 -
3333 2752 18 9 ~-
3356 2745 9 17 e
3481 2747 22 14 el
3511 2741 9 19 h
3521 2741 32 19 are

1831 2763 1 31 I
1839 2770 90 24 Phillipa
1949 2774 26 13 on
1998 2769 32 19 his
2046 2771 70 17 rettinn
2125 2770 50 18 from
2184 2770 77 18 France
2274 2770 20 18 in
2304 2771 47 18 1355
2367 2770 40 19 end

1256 2780 249 21 INTERNATIONAL
1541 2780 190 22 EXHIBITION,
1765 2779 56 20 IS7-1.
1831 2779 1 27 ,
1861 2779 4 27 .
2353 2784 6 8 '
2367 2784 6 5 '
2430 2787 73 17 female
2511 2787 92 17 serthnts

2431 2761 19 20 at
2500 2761 31 19 his
2542 2761 63 20 house
2613 2763 48 19 steal
2686 2761 54 24 gMs
2754 2761 56 21 hens,
2820 2761 39 19 end
2868 2761 90 24 tthating
2967 2761 32 19 his
3022 2770 90 19 received
3123 2770 58 18 :Nett
3196 2773 13 2 '-
3216 2761 2 28 -
3259 2774 17 11 .t
3295 2761 2 28 .
3363 2761 1 28 :
3391 2774 17 9 ,
3423 2761 1 28 ,
3437 2767 61 22 -geed
3506 2766 47 20 Wet

2611 2787 48 18 with
2667 2787 71 21 liquor,
2744 2787 39 17 and
2792 2787 77 20 feteine
2877 2786 122 18 thempelves
3196 2780 1 28 '
3273 2785 20 12 '

1839 2794 57 21 Sang
1904 2794 53 18 John
1967 2794 21 17 of
1996 2794 77 18 France
2081 2794 61 20 berg
2151 2794 106 22 presented
2267 2794 27 21 by
2298 2794 35 18 the
2343 2794 63 18 Black
3024 2796 41 18 2eo,
3079 2794 40 18 and
3137 2798 50 13 rett,
3240 2790 4 27 :
3283 2790 2 27 ,
3307 2790 2 27 :
3429 2794 30 14 Iso
3471 2790 2 27 :
3493 2792 35 21 laly
3537 2790 15 18 d

1256 2813 22 22 (..
1286 2813 37 17 The
1332 2812 91 18 Builders'
1433 2812 72 21 Weekly
1626 2817 24 12 ost
1657 2811 74 17 Silicate
1740 2811 172 31 l'amts.);Prince
1920 2819 21 15 to
1952 2817 54 22 King
2016 2817 85 18 Edward
2112 2817 39 17 111.
2176 2817 65 18 There
2249 2823 34 12 ath
2291 2817 41 18 also
2342 2823 63 13 views
2431 2811 43 15 into
2483 2810 53 18 their
2545 2810 100 18 bedroom
2670 2810 66 17 There
2745 2815 51 13 were
2804 2812 40 15 two
2852 2815 21 12 or
2882 2809 58 18 three
2950 2813 46 13 men
3009 2809 2 33 I
3022 2818 44 17 fore
3066 2818 11 17 i
3077 2818 24 17 en
3116 2818 52 15 i,,.
3317 2809 4 33 ,
3376 2809 2 33 ;
3455 2823 13 9 ..
3488 2815 25 19 .a,
3523 2813 30 18 aad

1276 2842 129 18 PETRIFYIN
1413 2839 317 26 SittherePATNTS.-Naturally
1735 2839 85 24 enough,
1831 2841 28 20 'of
1869 2839 35 20 the
1910 2841 53 19 river
1977 2839 53 22 Tham
2030 2839 13 22 ,
2043 2839 27 22 a,
2088 2841 32 19 .kc.
2145 2839 44 20 The
2199 2846 47 13 vase
2255 2846 40 13 was
2309 2841 97 20 emcuted
2431 2833 60 19 about
2500 2839 26 13 on
2535 2833 35 19 the
2580 2833 59 22 night
2654 2833 21 18 in
2691 2833 99 24 question,
2804 2833 39 18 and
2856 2835 21 17 to
2885 2833 59 18 make
2953 2838 46 13 eure
3009 2833 1 32 '
3022 2833 48 32 couti
3071 2833 9 32 e
3080 2833 9 32 r
3090 2833 9 32 i
3099 2833 20 32 se
3119 2833 11 32 e
3152 2833 2 32 ,
3172 2833 2 32 ,
3185 2833 2 32 ,

3206 2854 14 5 s:
3257 2842 2 17 .
3302 2842 1 17 ,
3403 2848 13 5 ..
3432 2842 4 17 .

3465 2852 8 2 ..
3497 2843 7 17 ,
3504 2843 7 17 e
3511 2843 7 17 ,
3527 2839 26 15 Ise

1256 2865 34 20 the
1300 2865 80 20 Silicate
1390 2865 60 19 Pent
1459 2865 109 22 Company,
1579 2865 22 18 of
1615 2864 109 24 LivepooL
1733 2865 53 18 show
1799 2865 22 17 at
1831 2863 35 25 :by
1877 2865 78 18 Messrs.
1967 2865 67 18 White
2043 2865 40 18 and
2092 2865 111 22 Campbell,
2211 2865 50 18 New
2271 2865 56 19 Ftond
2335 2867 70 18 street.
2431 2858 46 18 that
2487 2858 25 18 he
2523 2858 37 18 oho
2575 2858 19 18 lit
2604 2858 61 18 elenti
2669 2857 20 22 fy
2699 2858 35 17 the
2751 2857 74 19 retcho
2826 2863 32 12 oin
2868 2857 25 18 he
2901 2857 41 18 laM
2950 2856 48 19 hold
3009 2856 1 32 '
3024 2865 72 20 Dutch,
3106 2865 38 18 and
3158 2856 5 32 ;
3185 2870 15 8 ~
3211 2856 2 32 ,
3240 2871 12 11 ~
3260 2856 4 32 .
3464 2856 2 32 -
3484 2856 2 32 .
3508 2862 8 22 i
3516 2862 37 22 lia,

1256 2890 34 18 the
1303 2889 146 19 International
1467 2889 117 17 Exhibition
1599 2893 61 17 many
1677 2888 110 22 specimens
1800 2887 21 19 of
1831 2883 2 44 1
1864 2896 44 19 The
1917 2896 51 18 fund
1984 2896 31 18 for
2023 2896 35 18 the
2068 2897 266 17 rel
2334 2885 585 31 ang

2078 2896 47 18 chef
2143 2897 21 17 of
2170 2897 37 18 the
2215 2898 24 15 3.
2246 2897 78 18 widows
2334 2898 39 18 and
2382 2898 24 18 55
2430 2882 21 18 of
2467 2881 26 19 he
2509 2881 84 19 secured
2609 2881 37 19 the
2661 2881 64 19 whole
2733 2881 21 18 of
2776 2881 31 18 his
2828 2881 97 18 elotbi.
2955 2880 44 19 The
3009 2893 11 19 ;
3020 2893 24 19 et
3051 2890 273 17 eeset/
3369 2890 138 17 sem
3507 2890 46 17 ,

1257 2911 52 20 work
1323 2911 96 20 executed
1433 2911 50 19 with
1499 2911 53 19 their
1573 2911 77 18 famous
1668 2911 74 21 paints.
1779 2911 44 17 The
2431 2906 100 20 evidenc%
2541 2906 63 18 heard
2619 2908 21 17 at
2649 2909 57 19 great
2717 2906 78 20 length,
2804 2911 39 12 was
2852 2906 71 21 Melly
2933 2910 66 12 amuse
3008 2919 11 12 .
3019 2919 12 12 s
3033 2919 11 11 ~
3046 2913 11 22 n
3057 2913 35 22 ply
3107 2911 20 18 of
3142 2913 7 15 ,
3149 2913 7 15 4
3156 2913 14 15 ,,
3190 2919 6 15 1
3196 2919 6 15 ,
3219 2913 8 15 i
3227 2913 9 15 ,
3253 2914 14 14 ~
3278 2919 9 8 ~
3308 2919 35 8 ~..,,
3357 2906 4 30 .

1839 2920 91 19 children
1951 2920 38 18 left
2010 2920 25 24 by
2055 2920 37 18 the
2114 2920 113 18 Dukinfield
2249 2921 102 24 eeplosion
2370 2921 26 19 ba

1257 2936 159 20 manufacturers
1424 2936 58 19 claim
1492 2935 32 19 for
1535 2935 56 19 them
1605 2940 96 18 economy
1743 2934 13 18 d
1769 2934 51 18 good

1716 2940 39 13 an-
1769 2952 12 19 -
1781 2952 13 19 I
1794 2952 26 19 nc
1831 2939 93 25 'reached
1933 2944 67 25 nearly
2009 2944 72 19 .l5OO.
2095 2944 43 19 One
2146 2944 22 19 of
2176 2944 35 19 the
2220 2944 76 22 largest
2306 2927 102 38 contrilatt.
2431 2930 41 22 ing,
2484 2929 40 19 and
2539 2928 80 20 created
2636 2935 56 12 roars
2699 2929 22 18 of
2738 2929 100 24 laughter.
2869 2928 43 19 The
2926 2928 73 19 Sheriff
3045 2927 12 8 '

3007 2931 4 28 I
3022 2936 78 24 inquiry
3117 2935 34 18 the
3168 2940 27 12 ett
3239 2941 8 9 ,
3247 2941 35 9 -I.r
3296 2931 2 28 7
3311 2931 4 28 7
3381 2936 19 14 '.l
3432 2936 24 21 '4:
3495 2936 14 12 `5
3520 2931 33 19 Lan

1257 2962 76 25 lasting
1342 2961 116 26 properties,
1466 2966 38 14 one
1512 2962 45 18 cwt.
1570 2959 61 25 being
1645 2965 13 12 n
1684 2959 17 18 ri

1646 2965 58 19 --ea--
1704 2965 11 19 Y
1729 2965 14 19 e
1743 2965 44 19 l"'
1801 2965 9 14 '
1811 2965 11 14 n
1831 2967 64 22 ;Bons
1903 2970 17 19 is
1929 2976 11 12 a
1949 2976 44 12 sum
2007 2970 21 19 of
2043 2970 54 18 fee
2112 2970 59 24 given
2189 2970 27 22 by
2228 2966 37 24 MS.
2280 2970 77 26 Astley,
2372 2972 35 19 the
2430 2953 94 20 awarded
2532 2953 35 20 the
2581 2953 89 26 plaintiff
2678 2954 40 19 .25
2727 2953 102 26 damiges.
3007 2953 2 44 ;
3022 2961 47 20 been
3087 2960 89 19 realised.
3211 2960 30 17 '1::
3241 2960 6 17 ,
3273 2953 2 44 '
3306 2953 4 44 t
3341 2953 2 44 .
3378 2966 9 11 e
3417 2970 8 6 .
3432 2966 9 11 e
3474 2953 1 44 '
3487 2956 66 20 saline

1258 2988 46 17 bulk
1313 2987 40 18 and
1362 2987 61 22 doing
1431 2986 35 19 the
1476 2986 52 18 work
1538 2986 20 18 of
1564 2987 40 17 two
1611 2986 44 17 cwt.
1664 2985 21 18 of
1694 2985 45 18 leed
1748 2985 67 24 paints
1832 2982 1 27 .
2453 2991 96 19 NARROW
2568 2991 78 18 EsCAFE
2663 2996 26 12 OF
2702 2996 12 12 A
2728 2991 120 18 PASSENC.ER
2868 2989 103 19 STEAMER.
3007 2982 1 27 '
3021 2987 48 17 have
3079 2985 43 18 stud
3133 2987 21 15 at
3169 2986 19 15 Is
3206 2982 5 27 '
3259 2982 1 27 .
3278 2982 2 27 7
3369 2985 12 14 .7
3380 2982 5 27 !
3385 2982 5 27 .
3400 2989 14 12 ,
3443 2985 12 17 I.
3462 2985 33 17 :7.L!
3503 2989 7 11 ii
3523 2982 24 18 hat

1839 3000 66 14 owner
1915 2995 21 18 of
1943 2994 35 19 the
1994 2994 46 18 land
2059 2994 61 19 chore
2133 2995 37 18 the
2197 2995 17 18 it
2223 2995 17 18 is
2255 2995 86 20 worked.'
2350 2986 6 8 *
2365 2996 43 19 The

1258 3012 19 17 It
1286 3011 17 18 is
1313 3011 43 18 well
1365 3011 79 18 known,
1453 3015 45 20 says
1506 3009 37 18 the
1551 3015 96 15 mansger
1651 3009 21 17 of
1678 3009 35 17 the
1719 3014 103 17 cempany,

1832 3000 1 41 I
1839 3018 99 18 members
1946 3018 31 18 for
1987 3018 77 18 Ashton
2073 3018 39 18 and
2127 3000 52 40 Stele
2179 3000 11 40 P
2190 3000 85 40 ebridge,
2283 3020 37 17 the
2329 3020 74 21 Bishop
2431 3015 80 17 Messrs.
2538 3015 72 21 Money
2633 3015 90 20 Wigram
2748 3014 40 18 and
2809 3014 57 17 Son's
2888 3011 107 22 steamship
3019 3008 90 20 thaneed
3117 3008 64 17 hands
3190 3012 18 11 :.
3222 3009 24 14 1..
3276 3000 2 41 !
3366 3007 26 15 el,
3403 3013 34 15 per
3445 3008 50 15 tees.
3508 3006 45 18 Cale,

1257 3034 45 18 that
1311 3034 37 18 the
1355 3033 94 22 ordinary
1463 3037 73 13 masses
1551 3033 20 17 of
1586 3033 26 15 oil
1629 3032 73 24 points,
1720 3031 103 24 generally
1832 3028 1 30 ;
2431 3037 161 21 Somersetsbire,
2608 3037 51 19 from
2678 3037 81 19 London
2781 3035 40 20 and
2841 3034 111 24 Plymouth,
2965 3034 31 17 for
3018 3032 51 17 have
3086 3031 41 17 sold
3145 3031 61 22 vie.:
3224 3028 2 30 .
3265 3031 12 14 e
3322 3030 48 27 lee,.
3390 3028 41 19 told
3455 3030 27 17 ale
3487 3028 40 22 why.
3541 3030 14 17 11

1839 3041 22 19 of
1877 3040 132 20 Manchester.
2024 3040 40 19 and
2082 3041 38 18 Mr.
2134 3041 63 24 Hugh
2219 3041 70 19 Mason
2306 3043 51 19 have
2366 3043 41 19 also

1257 3057 50 19 used
1316 3059 20 17 to
1344 3063 58 13 cover
1416 3057 43 18 iron
1468 3056 40 19 and
1518 3056 56 19 wood
1583 3061 20 13 as
1612 3056 120 25 protectives
1742 3056 79 24 against
2430 3061 124 21 Melbourne,
2567 3061 48 19 with
2631 3063 35 18 ::0.10
2681 3067 119 19 passengers
2817 3059 39 19 and
2875 3065 11 12 a
2902 3057 92 20 valuable
3020 3053 96 25 Deptford
3123 3054 51 18 thee
3187 3053 30 18 h:.
3226 3053 7 18 e
3233 3053 83 18 1...,-..:;
3338 3052 2 34 t
3346 3059 77 12 ~.intan
3430 3052 46 19 lea-
3489 3053 65 18 teethe

1832 3063 1 30 '
1840 3065 60 26 given
1909 3065 109 19 handsome
2039 3065 152 20 contributions.
2223 3066 78 26 Special
2322 3067 84 20 services

1257 3081 133 26 atmospheric
1395 3081 115 22 inenences,
1515 3081 25 19 do
1546 3081 34 19 not
1587 3081 112 24 effectually
1707 3086 77 14 answer
1787 3081 37 21 the
1840 3097 51 13 were
1900 3090 98 25 preached
2007 3096 26 14 on
2048 3091 87 25 :junday,
2145 3092 39 19 and
2194 3092 113 20 collections
2320 3093 58 19 made
2385 3094 21 18 at
2431 3087 79 25 gentral
2523 3093 65 18 cargo,
2597 3087 45 19 that
2652 3086 38 20 left
2699 3087 83 19 Loudon
2790 3091 25 14 on
2823 3085 35 20 the
2867 3083 12 20 2
2878 3083 12 20 3
2890 3083 24 20 rd
2921 3081 43 24 oft.,
2973 3081 20 20 in
3005 3077 1 39 '
3022 3079 34 20 And
3066 3078 83 21 inferior
3155 3078 76 22 beasts,
3239 3080 41 17 45.:
3281 3079 21 19 le.
3311 3079 21 18 to
3343 3077 74 24 Is.ed.;
3426 3077 72 21 second
3504 3077 48 27 qualit

1257 3113 92 19 purpose,
1357 3107 31 19 for
1396 3113 26 13 no
1431 3113 69 13 Boone
1505 3107 48 18 does
1563 3107 34 18 the
1606 3107 26 18 oil
1646 3106 47 19 with
1703 3106 63 19 which
1774 3106 48 22 tbey

1257 3138 34 12 are
1297 3132 65 17 mixed
1368 3132 44 21 dry,
1416 3132 50 17 than
1473 3131 47 21 they
1527 3137 11 12 c
1551 3136 89 12 mmenee
1644 3132 22 15 to
1670 3131 57 17 crack
1734 3130 39 17 and
1779 3130 45 22 pool
1840 3118 52 15 most
1900 3116 21 18 of
1929 3116 35 18 the
1974 3116 96 18 churches
2075 3117 40 17 and
2124 3116 87 24 chapels.
2236 3117 40 18 deo
2291 3123 11 13 e
2311 3118 93 18 numbers
2430 3112 89 24 running
2528 3113 43 18 into
2581 3112 106 22 Plymouth
2704 3112 65 18 Sound
2783 3117 26 12 on
2823 3109 98 22 Saterday
2929 3113 65 13 morn-
3005 3097 1 57 i
3027 3105 50 21 etto,
3090 3107 28 17 4s.
3129 3105 45 18 10d.
3181 3107 20 14 to
3211 3106 28 15 !es.
3249 3097 2 57 '
3261 3104 34 22 d.;
3304 3104 65 22 prime
3376 3104 57 21 large
3444 3110 54 15 oxen,
3507 3106 21 15 es.
3540 3097 13 24 si

1839 3139 22 18 of
1873 3139 35 17 the
1918 3139 79 17 mieers
2017 3139 97 18 attended
2127 3139 37 18 the
2178 3139 141 24 Independent
2333 3141 24 21 ch
2356 3141 12 21 a
2368 3141 12 21 p
2380 3141 13 21 e
2393 3141 13 21 l
2431 3137 34 15 ine
2474 3141 71 12 canon
2554 3136 35 17 the
2597 3137 69 15 centre
2674 3136 20 17 of
2708 3136 35 17 the
2752 3135 129 18 breakwater.
2907 3133 39 15 She
2953 3131 40 18 had
3024 3133 15 14 es
3057 3130 9 17 6
3066 3130 20 17 a.
3098 3129 45 21 lid.;
3159 3129 63 22 prime
3240 3129 64 19 See%
3317 3128 40 19 Ac.,
3370 3130 27 15 Is.
3411 3128 32 18 .d.
3456 3126 20 37 t.-
3493 3130 22 14 :s.
3529 3126 24 18 al

1258 3161 61 17 away,
1328 3154 39 19 and
1375 3155 37 18 its
1420 3154 56 19 fresh
1483 3154 80 22 coating
1573 3154 17 17 is
1598 3154 35 18 not
1643 3152 85 22 applied,
1735 3154 37 17 the
1780 3152 44 18 iron
2430 3165 13 11 a
2452 3158 107 22 Plymouth
2575 3159 50 21 pilot
2640 3164 25 12 on
2679 3158 67 19 beard,
2761 3157 38 17 aml
2815 3161 40 12 was
2863 3155 61 21 going
2933 3154 60 18 about
3019 3151 83 18 oaferior
3110 3151 69 22 sheep.
3184 3152 30 15 4s.
3220 3151 31 17 td.
3260 3154 21 13 to
3291 3155 28 13 ;e.
3327 3149 4 32 ;
3339 3150 31 20 d.;
3384 3150 71 18 second
3463 3149 90 24 qualityde

1840 3162 54 18 after
2027 3162 20 17 in
2062 3163 112 22 procession
2193 3162 87 24 through
2296 3165 37 15 the

1258 3178 97 19 corrodes.
1359 3178 43 18 The
1408 3177 111 19 admixture
1525 3177 19 18 of
1550 3177 59 18 white
1613 3176 45 19 lead
1664 3176 37 18 has
1706 3176 51 19 ben
1761 3175 63 19 found
1909 3162 105 24 marching

2431 3182 38 18 fire
2477 3182 59 18 knots
2546 3187 34 19 per
2589 3181 57 19 hour.
2672 3181 43 18 The
2731 3180 85 19 weather
2830 3184 38 12 was
2882 3178 63 20 thick,
2957 3177 37 18 but
3020 3176 26 17 4s.
3059 3175 32 18 6d,
3107 3175 21 17 to
3139 3177 28 14 M.
3181 3174 46 22 ed.;
3246 3174 65 24 prime
3319 3178 67 13 coarse
3399 3174 85 20 woolled,
3495 3177 19 13 is.
3527 3171 27 18 led

1840 3185 50 19 with
1899 3185 94 19 emblems
2008 3185 22 19 of
2044 3187 113 25 mourning.
2183 3185 43 20 The
2242 3185 4 26 1
2255 3187 30 19 old
2295 3187 84 19 Fellows
2387 3188 21 19 of

1258 3204 35 19 not
1303 3206 20 18 to
1331 3208 77 15 answer
1415 3202 37 20 the
1459 3208 85 20 purpose
1559 3208 22 13 as
1590 3201 17 20 it
1616 3207 84 19 appears
1707 3202 21 19 to
1737 3200 53 26 yield
1800 3200 21 19 in
1841 3210 139 26 Staleybridge
1989 3210 79 21 district
2074 3211 93 20 marched
2174 3213 8 19 t
2203 3211 13 20 S
2239 3213 11 13 1
2297 3195 5 41 '
2321 3213 85 24 Church,
2184 3219 12 12 A
2217 3214 79 18 t...lark
2304 3219 9 13 s
2474 3213 40 13 was
2542 3213 28 13 ,n
2580 3206 8 19 I
2593 3213 13 19 y
2614 3206 35 20 the
2659 3206 6 19 1
2681 3206 37 19 eak
2738 3207 44 18 ater
2790 3210 50 13 men,
2850 3202 65 20 whose
2924 3202 70 20 shouts
3005 3201 34 18 .to
3053 3201 28 18 la
3091 3198 32 20 Id.
3133 3195 5 41 ;
3151 3198 64 26 prime
3231 3198 138 21 Southdowns.
3381 3200 28 18 Is.
3424 3198 31 20 rd.
3469 3198 19 19 to
3498 3195 35 21 61.4
3534 3195 19 21 d.

2431 3207 124 20 shesee
2585 3215 6 9 I
2616 3221 6 5 ..
2667 3214 14 11 Ir
2721 3213 15 11 NV

1258 3229 37 19 the
1303 3235 69 13 course
1380 3228 21 19 of
1408 3229 50 18 tone
1466 3234 13 13 a
1486 3228 81 24 portion
1576 3227 20 19 of
1604 3227 35 19 the
1655 3231 78 19 oxygen
1746 3227 18 19 it
1778 3231 34 13 con-

1800 3250 20 8 ,,,
1832 3231 131 27 ;Dukinfield.
2430 3233 21 18 of
2464 3233 90 24 warning
2568 3231 99 19 attracted
2681 3231 99 19 attention
2796 3235 25 13 on
2832 3228 69 22 heard,
2909 3228 40 19 and
2959 3228 35 19 her
3021 3224 53 26 large
3083 3230 69 13 coarse
3162 3224 73 21 calves,
3248 3227 24 17 's.
3291 3224 22 19 el.
3322 3224 21 19 to
3357 3227 25 15 ts.
3400 3223 37 22 d.;
3450 3222 57 25 prime
3517 3220 38 21 sag

1258 3254 61 19 baths,
1329 3253 39 18 and
1376 3257 22 13 so
1407 3257 43 13 acts
1459 3253 20 18 in
1487 3253 35 18 the
1531 3257 54 13 moue
1596 3257 41 17 wee'
1645 3257 22 12 as
1676 3252 35 18 the
1720 3250 31 19 air
1757 3257 65 12 wee..
1832 3247 4 31 I
2430 3257 84 19 engines
2523 3262 50 11 were
2581 3256 91 21 stopped,
2687 3256 37 17 but
2738 3257 32 14 too
2783 3254 40 17 late
2836 3255 21 15 to
2867 3255 84 20 prevent
2959 3253 37 18 her
3019 3249 39 21 do.,
3072 3250 30 18 15s.
3115 3247 4 31 i
3124 3250 22 17 :d.
3162 3252 21 15 to
3197 3250 30 17 ss.
3233 3249 33 18 cel.
3274 3247 5 31 ;
3293 3249 57 21 large
3364 3249 57 21 hogs,
3436 3250 21 15 is.
3470 3247 30 19 ed,
3513 3247 17 18 to
3541 3248 15 15 41

1259 3276 17 17 if
1284 3276 15 17 it
1311 3276 38 18 had
1359 3276 41 17 free
1410 3280 64 13 access
1483 3276 21 17 to
1519 3275 37 17 the
1572 3275 78 17 surface
1667 3275 21 15 of
1703 3274 37 18 the
1755 3274 69 17 metal.
1865 3267 17 17 A
1896 3266 93 17 COLLIER
2002 3266 70 18 FINED
2083 3267 43 17 .2O
2146 3272 39 12 FUR
2206 3267 151 17 KicEiNo.--it
2372 3267 35 17 the
2457 3272 11 5 -
2483 3266 5 28 .
3031 3272 20 18 d.
3081 3272 58 18 reall
3149 3273 81 19 porkers
3246 3274 28 15 45.
3282 3272 33 18 Sd.
3321 3273 22 17 to
3352 3272 71 18 sa.td-
3433 3270 63 19 lick',
3509 3272 22 17 Th.
3539 3269 18 17 Id

2294 3295 13 12 a
2331 3289 59 18 come
2391 3289 15 18 ,
2430 3283 87 18 conning
2526 3281 51 15 stem
2588 3283 25 12 on
2627 3279 39 17 and
2680 3276 118 24 grounding.
2825 3276 30 17 An
2868 3276 74 17 anchor
2954 3281 40 11 was
3019 3274 12 15 4
3060 3285 6 7 .
3092 3286 19 4 -
3233 3274 5 33 .
3420 3274 4 33 ,

1840 3288 104 19 Ormskirk
1978 3288 136 21 Police-court,
2139 3289 40 18 last
2206 3289 61 20 week,

1258 3299 65 18 These
1332 3299 77 18 silicate
1417 3298 74 24 paints,
1506 3298 117 20 coutaining
1637 3296 57 19 silica
1701 3296 21 18 in
1737 3302 12 12 a
1766 3302 58 18 perm
2428 3304 21 15 at
2465 3307 48 12 once
2528 3301 27 18 let
2569 3306 32 18 go,
2615 3301 39 17 and
2668 3299 124 24 fortunately
2806 3298 35 19 the
2857 3299 138 18 Government
3018 3296 22 17 to
3052 3298 30 14 So.
3089 3295 9 17 4
3098 3295 21 17 d.

1258 3322 38 19 liar
1304 3322 58 21 form,
1380 3322 103 19 err-acted
1499 3321 51 20 from
1566 3327 12 13 a
1596 3321 84 19 mineral
1696 3320 21 20 of
1734 3319 90 20 volcanic
1833 3312 2 33 I
1841 3312 73 19 named
1923 3324 7 6 -

1950 3317 18 12 m
1969 3312 22 18 taes
2001 3311 81 24 Halton,
2100 3318 41 13 was
2158 3312 89 24 charged
2263 3312 50 18 with
2329 3312 76 24 having

2430 3327 103 21 steamteg
2549 3325 73 24 Trusty
2639 3330 39 13 vas
2692 3324 20 18 in
2727 3322 35 19 the
2779 3322 74 21 Sound,
2868 3322 91 24 engaged
2974 3322 20 19 M
3005 3313 2 35 I
3045 3318 63 22 LwEll'
3107 3318 9 22 ,
3117 3318 53 22 .ol.,
3194 3318 96 25 MOLday.
3299 3328 24 4 -
3338 3318 28 18 II;.
3366 3318 8 18 ,
3394 3322 41 19 suf.;
3443 3317 19 25 ly
3482 3315 19 19 rf
3515 3313 43 21 cattle

1843 3335 97 26 violently
1949 3335 100 20 assaulted
2063 3337 37 19 Po
2100 3343 30 13 ice
2254 3337 70 22 Crook,
2337 3337 20 20 of
2372 3337 34 20 the
2419 3335 1 26 ,

1258 3348 72 26 origin,
1339 3348 46 24 only
1394 3356 22 12 as
1424 3348 34 25 yet
1473 3347 115 20 discovered
1603 3348 20 18 in
1638 3353 11 13 a
1664 3346 64 25 Angle
1742 3345 78 26 deposit
1833 3339 2 35 '
2428 3351 69 24 laying
2507 3350 151 25 teasmoceings
2667 3348 32 20 for
2707 3348 34 20 the
2751 3350 133 18 Government
2894 3343 43 26 Coal
2946 3348 50 19 bulk
3020 3344 40 20 and
3073 3344 63 25 sheep
3149 3343 63 20 ahem
3226 3344 34 18 the
3276 3350 54 13 mete
3346 3351 21 11 es
3385 3343 35 19 let
3442 3343 40 19 Sten
3490 3341 33 25 'en
3535 3339 24 20 the

1833 3359 2 28 I
1843 3364 73 24 county
1924 3361 139 25 constabulary
2072 3363 59 19 force
2157 3363 43 19 The
2206 3363 89 25 prisoner
2304 3361 39 20 and
2349 3363 57 19 three

1260 3374 30 22 (of
1299 3374 64 18 whieh
1371 3374 35 18 the
1416 3379 96 18 company
1521 3379 33 12 are
1564 3373 34 17 the
1605 3372 137 24 proprietors),
1752 3371 72 19 render
2430 3376 106 20 Chatham,
2558 3374 47 20 at&
2628 3374 113 24 yeroriviee
2759 3374 35 18 the
2810 3374 99 20 aczident,
2927 3374 70 18 imme.
3021 3370 76 25 euality
3106 3370 21 18 el
3136 3370 63 19 cattle
3207 3370 40 18 are
3257 3371 60 17 slime
3328 3369 35 19 eh
3374 3369 34 19 lot,
3436 3369 28 18 ter
3476 3379 18 6 ~o
3515 3365 44 22 berg

1259 3399 37 17 the
1303 3398 78 18 surface
1389 3398 21 17 of
1420 3403 39 18 any
1473 3397 65 24 object
1556 3396 83 19 revered.
1655 3396 50 18 with
1721 3394 57 19 them
1795 3394 28 19 in-
1833 3385 2 44 I
1843 3387 58 41 Mix
1909 3393 46 12 men
1964 3392 50 12 were
2022 3387 83 22 passing
2117 3387 89 26 tarmigh
2216 3387 11 39 W
2226 3387 11 39 e
2237 3387 53 39 esth
2298 3389 25 15 ad
2333 3387 73 22 village

2430 3400 76 21 diately
2517 3398 110 24 proem:ea
2640 3400 19 15 to
2673 3399 71 17 render
2757 3398 117 18 assistance.
2908 3399 17 15 A
2942 3403 54 19 warp
3007 3394 1 27 ~

3021 3394 107 24 unusually
3142 3394 51 24 prim
3202 3404 8 7 .
3241 3390 4 28 I
3253 3394 78 18 eenaml
3346 3396 28 15 ter
3467 3392 34 17 and
3515 3390 44 24 sheep

1259 3420 130 20 destructible
1402 3420 40 19 ant
1460 3420 158 24 unchangeable,
1632 3420 83 22 catalog
1729 3419 34 18 the
1779 3418 46 19 sub-
1857 3413 12 14 b

1833 3416 11 30 l
1844 3416 12 30 a
1896 3412 7 17 t
1913 3410 34 18 the
1956 3410 63 43 middle
2019 3410 11 43 u
2029 3410 11 43 e
2040 3410 11 43 h
2050 3411 8 17 f
2067 3411 35 17 the
2112 3411 58 22 night
2179 3411 41 17 and
2236 3416 51 12 were
2301 3411 81 22 making
2395 3416 12 12 a

2431 3429 39 12 was
2479 3424 35 22 got
2523 3425 34 14 out
2568 3423 48 17 Lem
2627 3422 34 18 the
2670 3422 172 18 Scanerthrshire's
2852 3423 46 21 port
2907 3424 90 21 quarter,
3007 3413 1 33 ,
3021 3424 47 18 thry
3084 3418 51 19 dull.
3159 3418 56 18 Good
3230 3418 63 18 li.,1!
3311 3424 19 11 tii
3338 3419 30 15 ele.
3385 3418 35 17 tlill
3435 3416 64 24 pn..es.
3517 3413 41 19 Beef,

1260 3448 69 18 stance
1342 3446 20 18 of
1375 3445 35 19 thr
1427 3445 67 24 paints
1513 3446 22 17 to
1551 3444 80 24 petrify.
1665 3443 43 19 The
1720 3445 72 17 nature
1805 3443 20 18 of
1833 3433 2 35 ,
1843 3437 57 22 great
1909 3435 60 18 uoim
2026 3435 58 18 eO9
2095 3439 22 13 er
2133 3433 43 19 told
2193 3433 56 19 them
2267 3436 21 17 to
2304 3439 26 19 go
2347 3433 59 19 home

2430 3446 39 19 and
2479 3452 38 13 was
2526 3446 99 24 conveyed
2634 3449 22 15 to
2665 3446 34 18 the
2708 3446 81 24 Trusty.
2810 3446 30 24 By
2845 3446 35 18 tee
2889 3448 109 18 strenuous
3021 3443 31 19 7d.
3066 3444 22 17 to
3103 3442 32 19 ed.
3143 3450 6 13 ;
3168 3444 58 17 matt;
3231 3449 21 14 n,
3273 3442 39 22 eld.
3327 3445 21 14 to
3363 3441 35 19 lee
3409 3439 4 31 ;
3426 3439 64 20 lambs,
3503 3439 30 18 Its.
3544 3439 15 15 to

1260 3470 35 19 the
1312 3470 56 19 silica
1381 3469 60 24 beteg
1454 3469 35 18 the
1502 3474 54 13 same
1576 3474 20 13 as
1616 3468 46 19 that
1681 3467 20 19 of
1719 3467 51 21 flint,
1789 3465 35 20 the
1833 3458 2 34 I
1844 3459 83 24 quietly.
1943 3458 119 24 whereupon
2079 3458 35 19 the
2131 3459 90 22 prisoner
2238 3458 67 18 streck
2323 3458 41 18 him
2392 3463 14 13 n

2430 3472 99 18 exertione
2537 3471 20 18 of
2567 3471 40 18 this
2621 3470 97 24 powerful
2733 3472 37 20 tug
2783 3470 37 19 the
2836 3470 161 21 Somersetshire,
3008 3462 1 32 I
3021 3469 30 17 525
3051 3469 11 17 ,
3070 3467 33 19 iid.
3118 3467 57 19 each.
3200 3467 66 19 'lire,'
3281 3472 50 13 were
3348 3468 46 18 1417-i
3410 3465 58 18 :note
3482 3463 32 19 and
3523 3462 37 18 !!'l4

1843 3483 35 20 the
1886 3482 69 19 mouth
1965 3482 48 18 with
2024 3488 12 12 a
2046 3482 50 18 bard
2105 3482 112 19 substance.
2242 3483 64 18 Crook
2314 3482 43 21 fell,
2366 3482 40 19 and

1260 3495 56 24 paint
1325 3494 97 24 prepared
1436 3493 50 19 with
1499 3493 18 19 it
1530 3493 72 19 affords
1619 3498 12 13 a
1645 3491 100 24 covering,
1765 3491 60 18 water
3008 3491 1 27 '

1260 3519 40 19 and
1310 3517 105 25 fire-proof,
1427 3517 61 19 which
1498 3517 18 18 is
1532 3517 44 18 said
1592 3522 60 13 never
1669 3519 22 15 to
1708 3515 65 21 crack,
1786 3514 39 19 and
1834 3491 1 51 I
1843 3508 53 19 after
1905 3507 60 25 being
1981 3506 70 19 kicked
2066 3506 57 19 Mice
2135 3506 26 19 he
2174 3506 80 19 became
2270 3507 137 18 unconscious.
2430 3495 11 18 -
2440 3495 53 18 which
2509 3501 40 12 was
2564 3495 84 22 settling
2663 3500 26 13 on
2704 3497 21 15 to
2739 3494 35 19 the
2783 3494 57 25 slope
2848 3495 21 18 of
2883 3494 35 19 the
2927 3494 71 19 break-
3022 3491 60 15 eheen
3092 3491 22 17 et
3128 3491 77 17 teeter',

2431 3522 66 18 water,
2506 3519 40 19 had
2555 3519 37 19 her
2601 3523 54 14 stern
2666 3519 72 19 heeled
2751 3519 97 19 oust,and
2862 3519 74 19 herself
2950 3519 48 19 ulti-
3008 3509 2 31 ;
3050 3519 122 15 ISHISIIIKLD
3201 3519 45 14 raT
3275 3519 67 14 MOCK
3371 3519 93 15 areeswr,
3489 3513 72 19 aernale,

1261 3543 74 18 retains
1345 3548 11 12 a
1364 3542 63 18 lustre
1444 3541 40 18 and
1501 3541 53 22 gloss
1570 3546 22 13 as
1610 3541 15 17 if
1643 3539 113 19 varnished.
1780 3539 45 19 The
1834 3530 2 33 I
1844 3531 58 19 Some
1911 3537 44 12 men
1964 3531 81 22 passing
2054 3531 59 22 along
2120 3530 37 19 the
2165 3531 47 18 road
2226 3531 63 18 heard
2302 3533 35 17 the
2353 3531 53 18 noise

3008 3537 2 26 I
3174 3537 120 18 e
3294 3544 11 12 e

1261 3566 56 18 silica
1326 3565 54 19 itself
1389 3565 37 19 has
1434 3570 26 13 no
1469 3565 94 19 chemical
1577 3563 65 20 action
1652 3563 100 18 whatever
1762 3562 31 24 (as
1808 3562 18 18 is
1834 3556 30 20 lof
1892 3555 12 22 p
1904 3555 73 22 unchin
1977 3555 12 22 g
2024 3554 39 18 and
2073 3560 25 13 on
2112 3554 74 24 strikin
2186 3554 12 24 g
2212 3560 12 13 a
2239 3555 21 21 li
2261 3555 11 21 g
2271 3555 21 21 ht
2306 3555 48 21 they
2367 3560 40 13 saw.
2431 3544 73 21 'lately
2518 3543 79 18 floated.
2622 3543 44 18 The
2680 3543 155 18 Somersetshire
2849 3543 50 18 then
2913 3543 86 24 shipped
3024 3539 57 24 April
3097 3539 94 19 27.-ti
3237 3544 39 12 was
3325 3534 2 52 t
3338 3544 39 15 eget
3394 3537 67 20 tanner
3475 3534 8 52 G
3491 3534 8 52 1
3508 3534 18 52 in
3535 3534 26 17 the

3025 3562 84 19 number
3117 3563 21 18 of
3146 3562 32 19 fat
3188 3562 66 18 beasts
3270 3563 21 17 at
3300 3562 41 19 this
3351 3562 41 21 day'
3392 3562 11 21 ,
3416 3560 74 19 starker.
3513 3557 50 21 ebeep

2430 3567 35 19 her
2474 3567 56 19 cable
2539 3567 40 18 and
2588 3567 90 18 steamed
2686 3568 43 18 into
2737 3567 35 18 the
2781 3567 73 19 Sound.

1834 3578 1 25 I
1844 3579 35 19 the
1889 3580 63 17 officer
1961 3579 56 24 lying
2024 3583 25 13 on
2059 3579 31 18 his
2099 3578 44 19 face
2151 3578 41 19 jut,
2206 3579 45 24 pool
2264 3579 21 18 of
2294 3578 65 20 blood.
2367 3578 40 19 and

1261 3589 35 20 the
1305 3595 45 13 case
1359 3589 47 19 with
1417 3589 44 18 lead
1469 3589 21 18 in
1498 3594 39 18 any
1544 3588 67 21 form),
1626 3587 39 19 and
1681 3586 1395 25 consequentlywere
3083 3586 22 19 in
3120 3586 103 19 moderate
3239 3587 79 24 supply.
3344 3586 52 18 Both
3405 3589 47 14 were
3467 3581 66 21 cleared
3543 3580 19 18 cl

1263 3615 15 17 is
1289 3614 129 24 particularly
1427 3613 91 19 wettable
1525 3613 32 18 for
1564 3613 43 17 iron
1616 3612 61 24 ships.
1702 3611 21 19 It
1733 3612 15 17 is
1755 3609 71 21 simple
1834 3600 2 38 '
1844 3604 35 19 the
1889 3604 89 25 prisoner
1985 3602 83 25 kicking
2082 3602 43 19 him
2138 3602 61 19 about
2210 3602 37 20 the
2261 3602 59 20 head.
2343 3602 63 20 Crook
2454 3601 69 18 SIIEEF
2542 3600 118 19 Wormythee
2683 3600 236 20 ESTRAORDINARY.-In
2941 3601 58 24 Mag.
3025 3615 20 14 at
3056 3611 34 20 the
3105 3611 104 24 following
3222 3612 65 24 pree.s

3294 3612 11 20 ;
3305 3612 11 20 _
3315 3612 65 20 t;eef.
3396 3604 5 28 1
3400 3614 9 14 ,
3410 3614 11 14 ;;
3436 3609 22 18 ee
3471 3612 18 14 /0
3500 3608 11 17 l
3510 3608 11 17 e
3521 3608 11 17 e
3539 3604 24 19 id

1263 3639 20 18 in
1292 3640 27 17 its
1329 3638 125 24 applicatien,
1472 3637 53 19 dries
1538 3635 51 20 hard
1605 3637 20 18 in
1642 3635 52 19 from
1701 3635 30 18 six
1740 3638 21 17 to
1769 3635 57 22 eight
1834 3628 48 18 'Was
1893 3627 98 24 conveyed
2001 3628 58 18 home
2075 3627 39 18 and
2131 3627 96 19 attended
2243 3628 27 22 by
2287 3634 12 12 a
2316 3633 91 18 surgeon,
2431 3625 50 21 hull,
2487 3625 103 24 Aughton,
2607 3625 92 24 Formby,
2714 3625 128 22 Scarisbriek,
2856 3625 90 22 Rufford,
2959 3625 40 20 and

3025 3641 34 14 Ter
3074 3638 57 18 StOlie
3145 3635 21 19 of
3181 3637 8 18 1
3196 3635 46 19 tlbs.
3250 3640 11 18 s
3268 3638 85 18 meten,
3370 3635 30 19 7d.
3416 3639 19 13 to
3449 3633 37 21 71.1.
3500 3637 28 19 per
3542 3628 20 20 It.

1264 3663 59 19 boors
1338 3661 105 19 aceordine
1453 3663 20 17 to
1481 3661 35 18 the
1531 3661 52 18 state
1596 3660 20 18 of
1629 3660 37 18 the
1678 3659 93 21 weather,
1787 3659 39 18 and
1844 3652 45 19 who
1896 3658 44 13 now
1949 3651 66 19 stated
2024 3652 44 18 that
2078 3652 31 18 for
2122 3657 54 13 some
2190 3652 50 18 time
2255 3652 64 18 Crook
2334 3651 39 19 leas
2387 3652 20 18 in
2431 3650 90 24 Chum-hey,
2530 3656 12 13 a
2552 3651 58 21 great
2620 3650 85 19 weather
2712 3648 21 20 of
2750 3650 60 24 sheep
2819 3650 40 19 and
2868 3650 66 19 lambs
2947 3650 53 20 have
3026 3657 7 18 e
3033 3657 7 18 -
3040 3657 86 18 .....5....e.
3136 3661 20 13 of
3165 3661 54 15 gaffed:
3230 3661 109 17 .-Perists.
3351 3661 20 14 1-.,
3409 3659 43 15 osse
3451 3659 11 15 e
3476 3658 31 12 --,

724 3674 152 22 ESPERkTE
1097 3673 81 20 WITH
1194 3673 20 20 A
1324 3676 596 25 'danger
1930 3676 20 19 of
1958 3676 65 19 losine
2034 3676 31 19 tie
2073 3674 41 20 life.
2143 3676 31 18 All
2183 3676 31 19 his
2229 3674 54 20 front
2298 3676 57 19 teeth
2368 3674 40 20 had
2431 3674 51 18 been
2491 3674 83 18 worried
2582 3674 70 18 within
2661 3674 37 18 the
2705 3678 46 20 past
2758 3674 38 18 few
2805 3674 57 24 days.
2888 3674 38 18 Mr.
2940 3674 59 19 Thos.
3465 3673 2 27 t
3501 3685 9 8 e
3521 3681 33 14 .tnt-

1400 3685 13 19 b
1431 3677 9 12 7
1518 3681 300 26 'gladAd

1264 3686 41 18 will
1323 3691 59 13 never
1414 3686 60 18 luster.
1501 3685 19 17 Nl.
1527 3691 11 11 e
1554 3690 34 13 are
1665 3685 22 17 to
1701 3689 33 13 see
1742 3683 37 19 the
1820 3694 6 4 -
3051 3690 141 18 HOTIIEVIIAM,
3207 3689 118 15 Nioulne.-
3332 3689 6 13 t
3345 3691 44 11 here
3398 3690 34 11 wa-
3443 3689 11 12 a
3464 3687 35 15 .arg
3500 3687 9 15 ,
3521 3693 8 4 -
3542 3689 17 7 -'

886 3700 15 20 B
906 3700 9 20 t
915 3700 69 20 711131,
989 3700 45 20 AR.
1264 3710 79 24 miralty
1362 3710 51 19 have
1434 3709 84 25 adopted
1533 3707 57 20 these
1605 3709 73 25 paints,
1694 3713 20 13 as
1733 3707 43 19 also
1792 3707 35 19 the
1835 3697 2 38 I
1844 3700 52 20 been
1904 3700 98 21 loosened,
2011 3700 31 18 his
2052 3700 43 19 face
2104 3699 39 19 and
2151 3699 52 25 body
2213 3706 51 14 were
2274 3700 85 21 lruised,
2366 3700 39 19 and
2431 3698 65 22 Shaw,
2505 3698 21 19 of
2536 3698 53 25 Magi
2590 3698 7 22 -
2597 3698 35 22 tell,
2642 3698 37 19 has
2688 3698 39 19 had
2734 3704 26 13 no
2769 3698 60 19 fewer
2838 3698 50 20 than
2901 3697 20 38 It
2930 3697 11 38 3
2950 3697 50 38 sheep
3026 3709 20 19 of
3057 3710 59 25 sheep
3126 3711 39 18 and
3175 3710 67 18 beasts
3253 3713 9 15 a
3262 3713 9 15 .
3282 3704 6 25 .
3288 3704 6 25 1
3294 3704 6 25 .
3300 3704 12 25 10
3312 3704 6 25 .
3327 3697 4 38 '
3338 3711 7 17 *
3345 3711 14 17 l.
3359 3711 7 17 ,
3366 3711 24 17 i''
3400 3713 6 13 I
3406 3713 6 13 .
3423 3697 1 38 .
3429 3707 41 22 'toy,
3477 3704 35 20 Bnel
3520 3703 43 19 there

810 3735 14 18 A
847 3735 14 17 C
872 3733 131 18 sleSifekLE
1025 3732 76 19 SHOT.
1265 3735 89 18 Arsenal,
1362 3733 85 20 Cunard,
1465 3733 80 19 London
1559 3733 38 18 -na
1613 3733 165 18 North-Western
1787 3732 40 18 and
1844 3725 26 19 he
1884 3725 40 19 had
1942 3725 50 19 been
2008 3725 89 22 severely
2113 3724 71 19 kicked
2203 3724 60 19 about
2281 3725 35 19 the
2333 3725 76 21 throat,
2431 3723 39 19 and
2480 3723 64 19 lambs
2555 3723 89 21 worriee,
2653 3723 39 18 and
2711 3723 39 19 Mr.
2766 3723 128 20 Underweed
2907 3724 39 19 and
2960 3724 39 19 Mr.
3026 3735 20 18 be
3046 3735 11 18 .
3162 3723 1 31 ,
3234 3735 11 18 0
3279 3742 6 5 _.
3334 3723 4 31 ,
3348 3737 20 9 ~.
3383 3733 8 13 ~
3409 3739 7 5 ..
3445 3726 24 22 ;a
3482 3729 63 19 a..aters
3553 3732 8 11 .

3052 3741 35 19 lag
3097 3741 12 12 a
3116 3741 38 18 goo
3162 3737 2 22 .
3175 3737 38 15 att.
3221 3744 11 8 e
3241 3741 54 12 4:17,1,
3305 3739 19 13 Of
3338 3743 7 7 ~
3356 3745 11 7 A,
3372 3737 2 22 ,
3383 3742 17 9 ..,
3418 3743 6 6 ,
3435 3739 21 11 a..
3500 3737 2 22 .

893 3763 110 17 'abet
1020 3767 13 12 n
1059 3762 18 17 ce
1077 3762 8 17 -
1085 3762 9 17 1
1101 3762 21 17 ed
1122 3762 11 17 -
1153 3765 12 13 a
1173 3761 67 24 despe.
1264 3759 61 18 Cre
1339 3759 92 17 WesMM
1448 3758 66 18 Fallen
1514 3758 22 18 ,-
1551 3757 124 21 Cc-ntrenies,
1693 3756 39 18 and
1748 3761 30 12 we
1786 3755 41 18 also
1835 3746 2 38 I
1844 3750 52 18 close
1913 3751 22 15 to
1955 3749 37 18 the
2010 3748 104 24 windpipe.
2141 3749 98 20 Prisoner,
2261 3749 43 18 who
2324 3749 85 24 pleaded
2431 3746 54 19 John
2496 3746 102 21 Harrison,
2607 3746 20 19 of
2644 3746 103 24 _Sughton,
2764 3748 52 18 have
2832 3749 86 18 suffered
2930 3748 22 19 in
2966 3749 35 18 the

861 3769 71 17 !..t.lug,
1009 3768 11 9 o
1036 3768 9 11 e
1080 3770 8 8 e
1110 3770 30 11 ee,
3027 3759 60 21 lively
3097 3759 91 18 business
3200 3759 65 17 vast,

1845 3772 72 22 guilty,
1928 3778 39 12 was
1977 3772 52 18 fined
2037 3772 41 18 .2O
2088 3771 39 18 and
2135 3774 53 17 costs
2204 3772 64 18 which
2293 3772 53 18 enalt
2368 3778 41 12 was
2431 3776 56 12 same
2541 3770 50 21 ,but
2600 3776 26 12 on
2635 3776 11 12 a
2656 3771 80 17 smaller
2746 3777 7 6 -
2764 3772 34 18 -ale
2838 3772 33 17 Mr
2887 3772 107 18 Musegove

678 3790 44 17 rate
730 3788 33 18 eel
775 3775 2 32 :
841 3794 12 9 .
872 3787 11 17 .1
892 3785 90 19 eetween
998 3784 176 19 Police-constable
1192 3784 48 18 Ker-
1264 3787 32 13 see
1303 3782 26 22 by
1338 3787 12 12 a
1357 3781 126 18 Continental
1492 3782 149 20 contemporary
1648 3780 63 18 that..
1719 3778 34 19 the
1759 3775 109 32 paints
1922 3775 18 32 .
1958 3775 18 32 _
2190 3785 6 6 c
2277 3777 14 18 P
2347 3778 13 17 Y
2480 3775 44 32 ~
2655 3775 44 32 .
2743 3775 44 32 .
2933 3788 21 7 et
2996 3784 52 15 to
3064 3784 40 15 10%
3113 3782 26 18 I'd
3158 3788 11 11 m
3169 3788 12 11 t
3181 3788 12 11 .
3202 3785 11 14 s
3213 3785 11 14 s
3223 3785 24 14 ee
3247 3785 12 14 e
3285 3784 30 14 te
3314 3784 46 14 es,
3372 3788 11 7 ~
3390 3790 18 7 ~-
3417 3785 7 11 t
3424 3785 7 11 ,
3438 3778 56 18 etteed
3502 3775 59 19 tots.

679 3813 59 20 rison,
749 3817 17 12 t
781 3794 5 39 -
793 3794 2 39 '
826 3811 6 13 )
842 3794 2 39 .
859 3811 33 17 les
898 3810 54 21 ision,
961 3809 40 19 anti
1010 3815 12 12 a
1031 3814 47 14 man
1087 3809 44 18 vrhe
1140 3807 39 21 had
1188 3814 52 13 com-
1264 3806 20 19 rf
1302 3806 34 19 the
1351 3806 70 24 Liver
1423 3806 30 18 00l
1475 3804 80 19 Bilicate
1574 3804 59 18 Paint
1655 3804 106 22 Company,
1775 3802 53 18 afte
1837 3798 28 19 'at
1876 3801 47 13 once
1931 3797 53 21 pard.
2421 3794 1 39 .
2431 3794 87 18 oft',est
2528 3794 76 21 Tower,
2613 3794 92 21 Aeghtor
2745 3803 22 8 se
2781 3801 17 12 is
2816 3794 35 20 the
2868 3800 100 19 possessor
2980 3796 21 18 of
3026 3807 12 17 e
3109 3806 11 8 ..
3266 3794 4 39 '
3286 3806 6 4 -
3404 3802 65 19 Idl
3496 3802 7 17 t
3513 3801 14 17 Is
3539 3796 22 19 Id.

2705 3806 4 26 .
2778 3806 5 26 .
3033 3806 39 22 cod.
3077 3808 22 17 to
3110 3814 6 11 1
3123 3806 24 22 lel
3162 3811 12 20 r
3174 3811 24 20 e,
3207 3806 20 19 :ti
3240 3814 6 14 ;
3254 3811 39 13 and
3305 3806 52 19 hpni,
3365 3808 19 15 r
3384 3808 9 15 ,
3393 3808 30 15 ..,
3449 3808 13 12 a
3468 3807 26 12 tett

679 3837 71 20 mitted
801 3843 46 6 .--
863 3843 11 11 e
880 3843 12 17 y
911 3837 20 18 at
952 3835 35 19 the
1000 3834 61 19 house
1077 3834 20 19 of
1120 3833 38 20 Mr.
1174 3833 25 20 G.
1218 3833 24 20 B.
1264 3829 123 25 lengthened
1402 3830 64 21 trials,
1479 3829 52 19 have
1545 3834 45 14 now
1605 3828 50 20 b.-en
1664 3826 86 26 adopted
1759 3826 27 25 by
1793 3824 35 21 the
1837 3819 1 41 !
1870 3826 32 19 As
1923 3826 119 19 AUDACIOUS
2063 3824 165 20 Imeoseort.-At
2242 3824 96 24 Driffield,
2352 3831 11 13 a
2372 3824 38 20 few
2432 3824 54 13 some
2496 3819 92 19 valuable
2596 3819 54 25 prise
2660 3822 64 19 steer:,
2732 3819 38 19 has
2778 3824 39 14 nato
2833 3826 38 13 one
2887 3820 53 19 laud)
2954 3826 39 14 ever-

3013 3823 1 34 '
3028 3837 35 20 per
3077 3831 27 19 lb.
3131 3831 27 19 At
3175 3831 35 19 the
3220 3831 21 26 pi
3241 3831 11 26 e
3272 3831 74 19 hhillie.
3364 3830 39 19 atm
3412 3835 11 12 a
3435 3826 45 26 .4,,,A1
3494 3823 67 19 Miners

679 3863 94 21 Tirethe.
791 3853 4 32 ,
840 3853 4 32 7
843 3853 4 32 .

866 3868 9 8 ..
894 3860 67 19 lejeea,
980 3859 117 18 Inclonone.
1135 3859 24 18 In
1175 3860 48 17 con
1213 3863 28 13 se.
1265 3856 91 21 Belgian,
1372 3856 93 19 German,
1483 3855 100 20 Aneriam
1602 3854 40 18 used
1658 3853 74 19 Italian
1741 3853 87 18 Govern-
1845 3850 51 25 days
1912 3852 60 20 since,
1989 3850 67 19 before
2078 3850 38 19 Mr.
2135 3850 22 19 E
2177 3850 26 19 H.
2217 3850 99 24 Raynard,
2335 3850 38 19 Mr.
2386 3850 24 19 T.
2432 3844 44 19 rued
2492 3843 39 20 and
2549 3843 67 28 partly

2626 3847 8 25 .
2634 3847 58 25 e.tt,n,
2711 3844 39 19 and
2766 3846 76 18 twenty
2856 3844 72 20 others
2940 3844 63 26 badly
3013 3844 2 32 :
3030 3863 39 12 was
3085 3857 116 18 transactei
3220 3859 20 17 at
3262 3857 35 17 the
3312 3856 98 20 feloathe
3428 3854 53 22 priths
3489 3846 72 22 :-Starli

1091 3874 4 26 '
1124 3883 61 17 then
1200 3874 4 26 '
1221 3882 13 17 h
1264 3882 72 17 menM
1355 3879 40 18 and
1408 3885 34 12 are
1456 3878 122 22 exthnsively
1587 3878 48 18 usee
1650 3876 20 18 in
1688 3876 35 18 the
1733 3876 93 21 Imperial
1837 3874 2 26 '
1846 3875 109 19 Grimston.
1985 3875 39 18 and
2052 3875 86 21 Certain
2164 3875 136 20 Brooksbank,
2326 3875 85 18 Edward

680 3893 17 9 e
707 3892 22 11 ,:.
744 3868 4 35 .
777 3868 4 35 .
798 3868 4 35 .
854 3891 17 11 ..
880 3889 38 11 tte
931 3891 32 9 es.-
977 3889 8 11 r
1002 3889 76 11 ..,eries
1090 3888 130 15 meig
1237 3893 6 4 -
2432 3869 73 18 bitten.
2531 3868 38 18 Mr.
2580 3868 30 18 Ph
2613 3869 33 21 em
2657 3869 99 20 ..esheroft,
2770 3870 20 18 of
2809 3870 90 20 Rufford,
2911 3870 37 18 has
2961 3870 43 19 had
3028 3882 45 20 pigs
3091 3882 39 15 16s.
3141 3883 21 14 th
3174 3883 47 18 les.;
3235 3883 70 15 stems.
3321 3882 40 14 355.
3369 3881 20 15 th
3402 3880 40 17 Ids.,
3451 3879 61 15 Arerg
3523 3872 30 25 Piel
3553 3872 8 25 ,

3066 3894 2 7 .
3077 3894 5 7 ,

1052 3905 50 19 been
1115 3905 44 18 t,dd
1172 3905 26 18 cif
1212 3907 31 15 for
1266 3902 80 19 Palaces
1355 3905 20 15 at
1385 3902 67 18 Berlin
1461 3901 40 18 ane
1511 3901 83 20 Viterina,
1606 3901 65 21 owing
1688 3901 22 15 to
1719 3899 34 17 the
1761 3899 67 22 meats
1845 3898 69 20 Jones,
1926 3899 48 15 ;tees
1991 3898 86 18 Themes
2098 3898 76 19 I3rown,
2192 3902 40 12 was
2246 3896 87 24 brought
2348 3902 27 19 lip
2389 3898 21 18 th
2432 3896 32 13 dc
2478 3896 25 13 era
2512 3892 63 22 sheep
2583 3892 89 20 worried,
2681 3893 39 17 and
2730 3893 35 17 the
2774 3893 106 22 suspected
2939 3894 13 17 la
2889 3893 40 22 dog
2953 3894 51 18 min
3014 3892 1 33 I
3030 3905 40 18 60s.
3079 3907 22 15 to
3110 3905 39 18 70s.
3158 3892 5 33 ;
3177 3904 38 18 and
3226 3908 56 15 SOWS,
3292 3904 26 18 10
3324 3908 19 12 M.
3356 3905 21 15 to
3390 3904 6 15 I
3402 3905 34 14 .101.
3444 3898 48 19 sash.

681 3940 11 13 tt
703 3940 19 13 st
731 3934 5 19 t
751 3934 18 17 i.
780 3937 15 14 `a
814 3934 4 19 t
872 3938 12 12 -
925 3935 104 13 *es
1049 3935 25 13 toa
1074 3935 8 13 ,

899 3915 2 39 .
937 3915 1 39 .
1048 3915 4 39 '
1083 3930 44 25 ling
1144 3932 21 18 to
1182 3928 59 20 Rich-
1265 3927 61 22 being
1335 3926 152 26 non-poienneus
1500 3931 21 13 is
1530 3924 44 19 well
1583 3931 21 12 as
1613 3930 21 13 so
1643 3928 47 20 very
1698 3922 81 19 durable
1789 3921 39 20 and
1845 3921 84 25 custody
1946 3921 40 20 and
2006 3920 86 26 charged
2111 3920 26 25 by
2156 3921 96 24 Sergeant
2271 3921 76 20 Ferrets
2362 3922 12 19 w
2374 3922 37 19 ith
2433 3915 41 19 this
2483 3920 46 14 case
2537 3915 51 19 been
2597 3915 112 25 destroyed.
2734 3915 38 20 Mr.
2787 3915 87 20 Thomas
2889 3918 80 21 Sutton.
2983 3917 20 20 of
3056 3928 14 19 1:
3076 3934 86 15 ETFOLD.
3184 3927 159 20 Monday-The
3361 3925 111 21 tatendance
3481 3920 15 21 ef
3507 3920 6 15 I
3520 3922 28 20 W

683 3984 72 17 th
755 3989 11 12 a
3548 3921 14 14 et

924 3941 2 33 '
1036 3941 5 33 '
1153 3956 58 19 made
1231 3961 13 13 n
1252 3941 2 33 I
1265 3953 90 19 brilliant
1362 3952 20 19 in
1389 3952 53 19 their
1570 3950 44 19 The
1622 3948 47 20 base
1677 3948 21 20 of
1707 3948 56 20 these
1769 3953 58 20 peen-
1845 3947 122 26 pretending
1991 3948 21 18 to
2029 3946 25 20 be
2073 3946 60 20 dumb
2152 3947 39 19 and
2211 3947 63 25 going
2294 3947 60 21 about
2375 3948 35 20 the
2422 3941 2 33 '

681 3966 59 12 mono.
752 3940 4 38 .
767 3963 54 14 ate.:
833 3940 5 38 -
875 3966 37 8 ;.-
1036 3940 5 38 -
1124 3958 105 17 .i
1153 3961 18 13 re
1998 3940 4 38 .
2434 3940 92 26 Formby,
2536 3940 37 20 has
2581 3940 39 21 had
2629 3947 53 14 some
2691 3941 60 26 sheep
2757 3941 60 20 killed
2825 3941 21 20 in
2852 3948 12 13 a
2872 3943 74 20 similar
2953 3950 52 19 way,
3031 3956 50 19 frem
3090 3961 12 13 a
3109 3956 91 19 distanth
3216 3960 38 12 iete;
3269 3954 61 21 large.
3347 3953 39 19 mei
3400 3952 33 19 the
3449 3947 43 21 local
3502 3943 51 22 dealer
3553 3943 9 22 s

705 3987 21 13 e
736 3989 50 12 wv.
810 3987 81 12 :e.
914 3987 15 11 e.
941 3987 11 11 it
1013 3992 20 5 ~
1043 3967 2 35 .
1064 3991 17 6 .:-
1091 3986 32 11 as
1133 3986 20 11 AS
1161 3985 26 13 011
1195 3980 48 22 duty
1253 3967 2 35 I
1265 3978 39 18 Ear
1317 3978 66 22 paints
1393 3983 39 12 was
1440 3977 35 18 the
1491 3976 76 18 sehieet
1577 3974 59 19 clue
1638 3979 56 13 eerse
1707 3973 20 18 of
1742 3973 85 19 lectures
1846 3974 84 20 country
1943 3973 90 21 begetng
2046 3972 39 18 and
2098 3972 105 22 obtrithing
2220 3972 50 18 ere
2284 3973 64 18 under
2361 3973 50 19 sech
2434 3967 39 18 and
2483 3967 67 18 ethers
2564 3967 89 24 severely
2662 3969 102 22 mangled.
2789 3969 31 19 On
2832 3969 35 19 the
2882 3970 122 18 Searisbrick
3031 3985 51 13 were
3098 3980 43 18 also
3157 3980 21 17 w.
3178 3980 22 17 41
3215 3981 103 19 repreeeet
3331 3978 19 18 d.
3376 3978 40 17 The
3431 3976 46 19 thew
3487 3971 17 19 of
3517 3969 45 19 stock

683 4007 25 20 ly
722 4006 35 18 the
767 4000 54 22 'Mel.
863 4011 13 9 t.
931 4010 9 11 ::
1057 4005 33 14 :et
1106 3992 1 35 -
1117 4004 7 17 f
1144 4003 99 22 Kingston
1253 3992 2 35 I
1266 4006 54 13 some
1329 4000 67 18 trick
1401 4000 35 17 ack
1446 4002 20 15 e
1476 3999 35 18 the
1518 3999 13 17 S
1537 4000 59 20 :stmts.
1602 3998 21 17 of
1632 3998 53 17 Arts.
1845 3998 100 20 pretence.
1972 3996 31 18 He
2015 3996 40 18 heti
2068 3992 454 20 bst

2068 3996 50 18 ben
2131 3996 21 18 in
2169 3996 60 18 Drife.
2236 3996 19 18 11
2265 3996 58 18 three
2333 4003 20 11 or
2366 3997 11 18 f
2376 3997 35 18 our
2435 3991 47 17 Hall
2491 3992 65 17 eate
2565 3991 70 18 eleven
2643 3992 92 22 yearling
2744 3992 65 18 lambs
2817 3998 52 13 were
2875 3993 64 18 found
2946 3994 59 20 dead.
3048 4009 21 12 a...
3079 4003 51 24 fully
3176 4002 51 19 tomb
3235 3991 5 35 ;
3249 4007 37 12 aye
3299 4007 37 12 Ate
3344 4007 7 11 c
3357 4002 7 18 f
3377 4003 63 15 reeent
3449 3996 74 20 markets.
3530 3991 32 18 end

683 4029 43 15 hill_
739 4029 37 15 wed
793 4029 21 15 wl
824 4009 2 35 .
905 4009 4 35 !
943 4036 14 7 ~
1029 4029 6 14 t
1052 4009 5 35 -
1072 4031 30 13 ~e
1110 4026 53 17 trees
1173 4026 25 17 he
1206 4031 39 12 saw
1253 4009 2 35 ;
1844 4018 58 22 days,
1910 4018 40 18 and
1963 4018 40 18 had
2016 4018 50 18 been
2082 4024 21 12 so
2119 4019 107 17 ,uccessful
2241 4019 21 17 in
2276 4019 32 18 his
2322 4019 90 25 legging
2434 4013 40 19 and
2483 4013 61 19 aleet
2554 4015 77 22 twenty
2640 4015 67 19 ..there
2717 4020 51 13 were
2777 4015 61 25 badly
2855 4016 74 18 bitten.
2960 4017 45 18 Tho
3031 4009 28 12 a*--
3066 4009 4 35 -
3141 4009 25 20 u
3165 4009 25 20 l
3215 4009 25 20 e
3249 4009 5 35 `
3287 4009 17 11 r
3348 4010 7 9 '

3431 4022 15 18 ca
3458 4019 28 21 etri
3487 4019 7 21 l
3494 4019 7 21 y
3511 4013 48 20 lathe

2998 4031 7 4 e
3031 4032 54 12 some
3093 4026 104 18 ere-else
3206 4026 86 17 animals
3306 4030 51 13 were
3371 4029 57 19 pen;

1253 4037 2 21 I
1505 4037 65 7 --....--
1577 4039 19 2 -
1837 4037 2 21 I

801 4059 22 9 :,.
829 4057 24 13 'e
874 4037 5 38 t
902 4057 14 9 --.
943 4037 2 38 '
1061 4037 4 38 '
1095 4048 48 19 wita
1162 4054 11 13 a
1191 4048 54 25 large
1846 4042 109 24 imposture
1963 4042 46 18 that
2019 4041 26 19 he
2053 4046 39 13 was
2102 4042 83 19 enabled
2194 4044 21 15 to
2230 4044 33 21 get
2276 4042 64 20 drunk
2350 4049 61 19 every
2434 4037 40 24 dog
2483 4037 47 24 paid
2537 4043 12 12 a
2559 4038 71 20 second
2640 4038 46 18 visit
2696 4039 21 17 at
2726 4038 37 19 the
2771 4039 52 18 dead
2831 4039 20 18 of
2861 4039 60 19 n'.ht
2935 4039 38 20 but
2983 4046 21 13 as
3031 4050 45 25 day.
3102 4050 43 19 The
3154 4049 12 19 d
3214 4049 26 19 d
3247 4049 8 18 f
3286 4049 51 18 both
3351 4037 5 38 1
3386 4048 8 18 f
3406 4046 37 19 sod
3456 4045 65 18 memo
3531 4041 28 13 els

3057 4056 19 19 y.
3133 4056 11 12 e
3168 4055 56 12 erna_
3256 4054 22 14 or
3314 4059 6 7 ,
3359 4054 25 12 .e...
3436 4054 2 21 .
3490 4054 4 21 .
3522 4054 5 21 ,

1039 4061 2 34 ,
1055 4080 6 4 -
1095 4061 1 34 ,
1107 4072 66 20 'took.
1205 4072 41 20 Tbe
1254 4061 2 34 ;
1290 4065 46 20 tea
1349 4065 27 20 DE:
1376 4065 9 20 -
1385 4065 47 20 ..ITE
1447 4071 27 14 ON
1492 4071 40 13 THE
1552 4064 26 19 ST
1584 4070 34 13 ME
1636 4069 25 13 CF
1678 4069 41 13 THE
1737 4063 92 19 Neve.-
1846 4065 39 25 day
1894 4067 21 19 at
1920 4065 35 20 the
1965 4065 163 25 lodging-houses
2139 4065 64 20 where
2216 4065 26 20 he
2254 4067 60 20 lived.
2339 4069 27 19 At
2374 4074 38 15 one
2434 4061 58 20 there
2502 4067 51 15 were
2562 4068 45 14 men
2616 4068 25 14 on
2652 4063 35 20 the
2705 4063 65 20 watch
2787 4064 15 19 it
2822 4063 34 20 did
2874 4067 34 18 not
2926 4064 26 20 do
2966 4071 39 19 any
3032 4082 33 9 ,,..

3064 4075 26 24 :cl,
3107 4075 40 20 and
3190 4059 4 39 '
3263 4072 124 20 'lt'k
3405 4077 6 14 t
3411 4077 7 14 ,
3428 4059 5 39 I
3448 4059 4 39 t
3461 4059 99 28 11111ISILed

3164 4081 64 19 pTICIR
3246 4078 20 14 M
3287 4080 21 13 afi
3335 4078 39 13 {tee
3416 4078 8 11 ~
3436 4077 13 18 0
3496 4081 9 5 -

709 4108 19 13 MI
743 4087 4 37 k
755 4109 9 9 a
775 4102 40 19 RIIII
843 4104 6 17 i
849 4104 6 17 ;
855 4104 28 17 .;.!
913 4087 2 37 :
1023 4087 1 37 .
1094 4087 4 37 ,
1113 4098 28 24 ,t
1141 4098 14 24 .
1155 4098 14 24 p
1169 4098 14 24 e
1183 4098 15 24 d
1212 4098 22 19 th
1234 4098 12 19 e
1269 4091 40 20 The
1319 4093 17 18 E
1345 4095 76 15 ;atoms!
1437 4091 100 20 considers
1552 4090 45 18 that
1610 4090 38 18 Mr.
1657 4088 63 20 Ward
1734 4088 65 21 Hunt,
1807 4087 21 20 in
1846 4091 21 19 of
1876 4091 57 19 these
1941 4091 66 24 places
2016 4091 25 19 he
2049 4091 52 19 drew
2115 4098 11 13 a
2143 4091 56 20 knife
2213 4091 38 20 suit
2262 4093 119 21 threatened
2391 4096 21 18 to
2434 4087 93 25 damage,
2536 4087 39 20 and
2584 4088 91 25 escaped.
2701 4089 30 19 No
2740 4089 44 20 clue
2796 4091 22 17 to
2830 4090 38 19 the
2875 4090 51 24 dogs
2934 4096 38 14 can
2980 4091 25 19 be
3033 4093 24 27 i
3057 4093 25 27 f
3098 4103 8 15 1
3148 4087 5 37 .
3178 4102 15 17 p
3229 4100 25 19 el
3301 4103 8 6 '
3407 4100 14 12 '
3437 4102 11 12 n
3461 4093 30 22 'lll'
3045 4107 27 13 iee
3083 4087 5 37 ,
3109 4106 28 13 es.
3149 4107 19 12 .I)
3196 4106 20 13 ts.
3237 4109 22 8 s.
3272 4106 11 12 II
3292 4106 57 13 S:cutt,
3357 4087 2 37 ;
3373 4104 57 13 IIIRH
3450 4106 47 12 r'

704 4127 54 18 Mal..
772 4131 24 11 bn
804 4126 6 15 I
824 4131 28 9 Y,
1057 4111 4 35 '
1078 4111 2 35 i
1093 4111 1 35 .
1121 4117 32 25 et&
1167 4122 46 21 ane,
1226 4123 20 17 in
1256 4111 1 35 -
1269 4116 126 21 introducing,
1411 4116 34 18 the
1468 4116 57 21 Naey
1547 4115 107 17 Estimates
1675 4114 30 18 for
1720 4113 35 19 the
1774 4119 53 18 year.
1846 4116 45 18 stab
1904 4116 37 17 the
1949 4116 96 20 Metress,
2059 4116 85 19 beeause
2159 4117 27 18 he
2199 4119 105 20 suspected
2317 4119 46 19 that
2378 4119 35 19 she
2434 4111 102 20 obtained.
2562 4114 17 18 A
2588 4114 77 18 rewaed
2673 4114 37 18 has
2719 4114 51 19 been
2778 4115 74 18 offered
2864 4115 27 24 by
2904 4115 35 19 the
2953 4116 53 18 Mar-
3034 4126 38 19 xlb
3085 4133 6 14 ;
3104 4126 53 20 pies,
3168 4127 26 18 is.
3200 4127 20 17 to
3228 4126 30 17 Ss.
3267 4124 31 18 ed.
3307 4130 11 11 n
3332 4126 61 15 ,tiine.

704 4150 32 15 iite
762 4149 37 38 flit
783 4152 34 13 te
841 4137 1 50 ,
875 4137 2 50 .
917 4137 4 50 .
941 4153 33 11 .1,
1031 4137 2 50 .
1067 4148 13 17 ,
1094 4146 25 18 he
1131 4146 112 22 attempted
1326 4140 17 18 :e
1352 4140 35 18 the
1397 4143 50 14 most
1460 4139 66 22 faulty
1541 4137 71 22 speech
1629 4137 63 18 which
1707 4142 21 12 as
1744 4139 34 20 yet
1792 4137 35 15 has
1844 4137 43 20 had
1892 4137 96 20 disclosed
1995 4139 45 19 that
2047 4140 26 18 he
2080 4146 38 12 ea-
2125 4144 33 13 not
2165 4141 69 18 dumb.
2248 4142 64 17 Beine
2317 4143 94 20 alarmed,
2437 4137 44 21 quis
2493 4137 24 18 de
2531 4137 89 22 Casteja.
2646 4137 20 19 It
2675 4139 17 17 is
2702 4137 90 20 believed
2800 4139 47 19 that
2861 4139 35 19 the
2908 4139 51 24 dgs
2973 4144 33 13 are

719 4172 46 17 tske
795 4172 32 15 im.
932 4176 19 11 -...
977 4170 65 15 1:el
1063 4170 53 17 with,
1127 4169 34 15 Itht
1170 4168 77 21 finding
1256 4154 1 35 ;
1269 4163 60 17 fallen
1344 4162 51 18 freer
1409 4163 34 17 the
1456 4163 80 20 present
1730 4160 40 17 Our
1785 4163 43 13 con-
1846 4162 37 17 the
1891 4167 51 17 gave
1950 4162 129 19 information
2093 4166 21 15 te
2127 4163 37 19 the
2177 4165 70 22 police,
2262 4165 39 19 and
2315 4166 98 22 alergeant
2437 4160 129 20 halebreeds,
2578 4161 40 17 end
2633 4161 14 18 it
2661 4162 18 15 is
2687 4162 45 17 well
2741 4162 73 17 known
2823 4162 46 18 that
2875 4162 77 24 having
2959 4168 47 13 onee
3203 4154 203 19 esiecIiLLANEOL
3411 4154 18 17 S.

3502 4169 41 17 .thly
3550 4169 13 14 et

777 4198 15 12 st
804 4195 11 15 ,1
815 4195 6 15 ;
831 4202 8 7 e
860 4176 1 37 .
892 4201 20 8 ~.
931 4201 15 8 ei
946 4201 8 8 ,
979 4199 37 12 ~...i
1016 4199 8 12 ,
1058 4193 8 17 i
1067 4193 17 17 ,j
1102 4192 12 19 !
1114 4192 35 19 wal
1149 4192 12 19 i
1161 4192 24 19 ng
1205 4191 20 19 hi
1225 4191 21 19 nt
1256 4176 1 37 i
1269 4188 112 21 temporary
1408 4191 45 18 says
1459 4187 43 15 .--,
1508 4183 43 19 Tiae
1572 4188 60 15 ....gave
1659 4183 169 21 disappointment
1847 4183 76 19 Farrah
1941 4185 141 25 apprehended
2098 4187 34 19 the
2154 4188 96 24 prisoner.
2276 4188 78 25 Dunng
2373 4189 40 20 last
2437 4183 66 24 begen
2512 4186 22 17 to
2542 4189 64 20 worry
2615 4183 61 26 sheep
2686 4189 19 13 at
2712 4185 13 19 d
2734 4185 64 19 lambs
2807 4185 48 25 they
2863 4186 41 19 will
2913 4186 94 20 continue
3089 4185 57 13 vocay
3161 4179 33 18 NIE
3201 4185 20 12 NT
3246 4180 26 15 V,
3279 4179 51 24 [`Hay
3337 4188 22 2 -
3367 4176 5 37 I
3386 4176 94 18 FVKICHH,e
3488 4178 28 17 'i
3519 4185 8 8 r
3534 4185 6 6 .

561 4200 109 30 Overiril.!
670 4200 11 30 -
680 4200 33 30 '''
741 4200 1 31 .
764 4200 5 31 '
769 4201 12 11 1-
826 4200 1 31 .
915 4218 9 5 -
1287 4209 9 19 h
1297 4209 9 19 .
1315 4209 19 19 .11
1380 4209 13 19 h
1440 4209 37 19 ,'t
1569 4200 1 31 ,
1583 4208 33 18 'no.
1631 4207 31 19 Mr
1678 4205 61 21 Ward
1753 4206 77 19 Hunt's
1838 4200 1 31 ;
1847 4215 93 15 atonMer,
1955 4212 20 18 at
1985 4211 12 19 S
2033 4211 20 20 b
2053 4211 20 20 l
2098 4211 13 20 h
2395 4205 7 5 ;*

2438 4195 4 33 '
2466 4208 13 20 d
3018 4195 1 33 ,
3034 4207 52 17 meat
3097 4211 39 13 was
3151 4209 25 13 on
3187 4204 46 20 sale.
3261 4204 21 19 In
3300 4209 69 13 eons,.
3378 4206 52 14 tette
3443 4199 19 19 ei
3520 4195 21 14 alr
3548 4195 7 14 l
3555 4195 8 14 '

813 4224 21 11 -
848 4213 4 25 '
867 4226 12 9 0
947 4222 14 14 p
1075 4217 13 18 P
1095 4215 162 20 thce.constablei
1270 4215 47 13 wls
1342 4215 28 13 we
1395 4215 35 13 are
1440 4217 26 12 el
1492 4214 24 14 On
1532 4214 34 13 lee
1573 4214 13 13 11
1603 4222 38 9 e-
2001 4217 31 13 car
2046 4217 21 14 ro
2075 4213 48 22 ,te
2131 4218 25 20 pr
2230 4220 17 13 is
2256 4214 67 20 stated
2333 4215 20 20 to
2362 4215 51 20 have
2439 4214 19 14 .0
2481 4215 9 13 o
2499 4214 28 14 so.
3543 4214 21 21 4d.

513 4235 17 7 -,
548 4235 6 8 s
559 4234 28 14 cp.
602 4227 60 19 vette-
671 4231 21 13 I-
801 4227 2633 27 ;
3464 4224 27 18 Ise
3491 4224 9 18 .
3516 4221 22 17 31.

1491 4235 6 8 l

1056 4243 27 17 .e
1088 4248 11 11 e
1110 4241 73 19 turned
1198 4241 48 20 back
1270 4235 71 24 speech
1355 4235 18 18 is
1381 4235 46 19 the
1443 4235 26 18 he
1486 4241 46 12 ..,ces
1543 4239 33 13 net
1594 4239 51 13 mem
1655 4232 65 19 ether
1733 4233 21 18 to
1772 4232 58 18 know
1838 4228 1 33 ,
3018 4228 1 33 !
3034 4231 94 20 weather.
3137 4231 35 19 the
3182 4231 58 18 trade
3249 4237 12 11 N.
3267 4237 20 12 as
3299 4230 51 19 slew.
3377 4228 77 18 Intone
3496 4228 5 33 .
3534 4241 31 13 ,

509 4235 5 40 ,
566 4248 6 19 c
598 4253 20 15 at
622 4257 40 12 een
671 4235 4 40 I
690 4235 4 40 '
783 4235 2 40 '
801 4235 4 40 '
844 4251 35 9 '''
1847 4235 102 20 exhibited
1968 4241 12 14 a
1991 4237 76 25 tongue
2083 4238 21 19 in
2122 4244 12 13 a
2150 4239 66 19 bottle
2231 4241 92 20 amongst
2339 4241 74 24 spirits,
2461 4245 45 18 THE
2516 4245 189 19 EICHTI.7O,NE-TON
2712 4247 28 18 Gt.
2740 4247 9 18 ,
2750 4247 11 18 :
2793 4246 31 19 Th
2846 4248 15 17 F
2888 4248 6 7 '
2928 4248 17 13 -
2944 4248 17 13 1
2763 4257 30 7 .-
2826 4253 9 12 e
2855 4253 83 15 .ng.neer
2944 4251 63 15 mates
3034 4261 19 12 ei
3071 4259 28 14 4s.
3119 4256 31 17 4d.
3161 4235 5 40 ;
3188 4256 46 17 mein
3234 4256 12 17 ,
3259 4261 26 13 ~,,
3311 4256 6 17 ~
3317 4256 6 17 ,
3322 4256 39 17 i,.,
3383 4256 19 14 4,-
3433 4251 26 18 -.A.
3472 4253 11 13 -,
3502 4248 12 21 '
3514 4248 26 21 1,
3540 4248 26 21 7-

1023 4272 32 9 ....
1074 4267 17 14 -3
1107 4271 13 11 a
1137 4266 67 15 ladder
1224 4271 26 12 on
1257 4257 1 31 I
1270 4260 53 15 whe
1332 4259 119 21 investigate
1456 4265 27 11 m
1493 4265 33 11 are
1534 4263 11 17 r
1545 4263 34 17 ece
1579 4263 59 17 esary
1648 4263 20 12 or
1675 4257 52 18 what
1733 4257 106 22 response.'
1847 4260 65 18 which
1926 4260 26 18 he
1967 4261 126 21 reprethnted
2102 4263 46 18 that
2157 4263 26 19 he
2191 4263 39 19 had
2239 4264 51 18 been
2301 4266 72 21 cruelly
2381 4266 34 18 de-
2438 4269 45 18 that
2500 4269 35 19 the
2552 4270 43 17 fire
2614 4270 45 18 four
2673 4270 21 18 of
2707 4272 22 15 el
2740 4261 6 26 t
2746 4261 6 26 *

2793 4276 14 17 g
2837 4276 8 12 s
2870 4271 65 17 which
2944 4276 33 12 are
2986 4273 21 14 to
3423 4276 18 12 te.
3462 4273 27 15 tel.
3521 4269 45 19 P=i

1117 4287 35 17 /be
1191 4287 58 17 bber
1257 4276 1 34 ,
1270 4281 24 21 mi
1293 4281 12 21 n
1305 4281 24 21 ty
1336 4281 9 20 b
1345 4281 9 20 e
1355 4281 11 20 i
1365 4281 32 20 nee
1397 4281 21 20 .,
1428 4284 9 13 e
1437 4284 11 13 t
1459 4281 22 17 se
1481 4281 12 17 m
1493 4281 12 17 ,
1531 4281 31 15 ee
1571 4280 34 15 eta
1613 4284 17 12 mt
1630 4284 8 12 .
1638 4284 8 12 ;
1657 4284 22 17 ea
1680 4284 12 17 y
1701 4279 45 15 that
1754 4279 26 15 he
1789 4279 40 17 had
1847 4283 70 20 prived
1929 4283 20 18 of
1962 4284 66 17 tvbilat
2037 4285 20 15 in
2072 4290 12 12 a
2093 4291 73 17 savage
2177 4287 89 20 country,
2275 4287 39 17 mad
2326 4287 45 19 that
2379 4287 35 19 the
2438 4292 51 15 form
2499 4292 35 17 the
2542 4294 111 14 armament
2659 4292 20 17 of
2687 4292 37 18 the
2728 4276 12 34 L
2740 4276 12 34 a
2752 4276 12 34 m
2764 4276 12 34 '
2804 4276 9 20 '
2813 4276 21 20 an
2848 4284 6 7 *
3034 4284 61 17 prime
3122 4279 54 20 large

506 4323 87 17 t-il
615 4323 20 17 to
652 4325 12 13 a
690 4317 8 7 '
749 4320 33 11 ''
798 4300 1 39 '
1257 4300 2 39 I
1270 4303 46 18 end
1323 4309 6 7 e
1342 4303 35 18 the
1394 4307 104 19 necessary
1515 4303 20 18 in
1541 4300 2 39 -
1551 4302 58 19 eirles
1636 4306 20 12 re
1675 4306 39 13 was
1735 4300 60 25 going
1808 4302 21 18 to
1847 4303 9 21 e

990 4313 72 8 ---^
1082 4312 20 17 at
1120 4309 37 20 the
1174 4310 35 25 tep
1227 4310 20 19 of
1258 4316 19 24 I
1277 4316 19 24 -
1318 4293 5 46 '
1435 4293 2 46 -
1517 4313 53 13 t'
1583 4293 2 46 i
1592 4293 4 46 -
2776 4298 21 12 re
2803 4293 87 17 Ironclad
2897 4293 110 20 Inflexible,

1611 4296 5 44 ,
1857 4310 32 14 ma
1896 4305 21 19 of
1925 4305 17 20 it
1952 4311 39 14 was
1997 4306 35 20 the
2039 4313 58 13 cause
2104 4307 20 19 of
2132 4307 32 20 his
2170 4307 59 26 being
2237 4310 74 20 unable
2317 4312 22 18 to
2346 4312 69 25 speak,
2439 4315 39 19 will
2489 4315 25 20 be
2523 4315 109 25 proceeded
2640 4315 48 20 with
2695 4322 22 13 as
2722 4322 47 14 soon
2779 4322 24 14 as
2815 4317 35 19 the
2863 4323 25 13 et
2914 4316 15 20 ri
2933 4316 73 20 mental
3429 4296 27 18 -,1,

3033 4300 57 18 small
3107 4300 39 20 do.,
3162 4302 28 26 4e.
3203 4300 43 18 101
3263 4303 21 15 to
3304 4300 27 18 se.
3351 4298 40 22 ed.;
3412 4303 18 27 ye
3458 4298 4 32 ,

3491 4322 22 13 ~,,
3530 4311 34 11 ess

451 4333 2 27 '
519 4333 2 27 t
555 4338 9 8 '-'
689 4339 14 13 .;
732 4333 24 19 ;1
765 4339 9 13 .1
827 4339 12 4 e
847 4345 12 6 ..-
866 4333 2 27 -
883 4333 2 27 .
963 4342 15 5 --
1006 4336 22 11 '
1042 4333 2 27 :
1055 4333 2 27 -
1082 4338 11 17 '
1093 4338 34 17 ant
1113 4335 24 20 Is
1144 4333 103 27 desterate
1257 4333 2 27 ,

1271 4329 58 20 make
1336 4328 56 21 them
1401 4322 4 39 :
1419 4326 24 21 he
1453 4328 33 20 did
1499 4330 20 17 r,,
1519 4330 7 17 -
1526 4330 7 17 '
1544 4333 33 19 say
1586 4326 46 20 that
1648 4331 24 15 c.O
1681 4331 12 14 a
1701 4325 67 21 future
1776 4331 54 15 cos-
1848 4330 44 22 The
1905 4331 69 21 Bench
1988 4333 117 20 committed
2118 4333 43 21 him
2174 4337 21 18 to
2209 4336 35 20 the
2258 4336 67 21 House
2335 4337 20 21 of
2369 4338 47 20 Cor-
2440 4346 37 14 one
2483 4341 35 20 has
2523 4339 8 20 I
2846 4322 2 39 '
2877 4323 37 20 .Pe
3018 4322 2 39 .
3033 4325 47 24 511,0
3080 4325 9 24 d
3090 4325 19 24 .;
3119 4325 60 20 inferv
3180 4325 11 20 ,
3190 4325 11 20 r
3210 4329 17 19 n
3227 4329 8 19 ,
3235 4329 61 19 ,1.,,n,
3304 4326 27 19 3F
3339 4323 31 20 tal.
3378 4325 20 17 to
3405 4324 25 15 43.
3442 4322 34 27 Oda
3476 4322 12 27 .
3516 4322 15 24 ea
3531 4322 8 24 e
3540 4322 25 24 et,

315 4342 2 38 .
365 4342 4 38 .
2536 4348 13 13 .e
2551 4348 25 14 en
2581 4348 41 14 cote
2627 4342 65 25 pleted
2699 4343 40 19 and
2758 4344 67 19 rove.S.
2832 4343 97 20 Thetotal
2936 4342 71 20 len-th
3033 4354 52 19 ditto
3100 4352 11 19 4
3142 4351 26 19 4d
3188 4354 53 17 t-'-
3260 4354 13 15 0
3279 4352 7 17 1
3332 4342 35 38 p.
3379 4342 12 38 3
3403 4342 24 38 di
3481 4349 24 13 se.
3515 4342 27 18 Od
3553 4345 13 9 .

330 4377 52 15 .ii
392 4354 4 40 i
449 4354 1 40 .
487 4380 9 14 y
514 4376 32 13 ti.i.
562 4370 63 22 pr,ud
632 4369 33 19 de-
674 4354 1 40 '
690 4365 80 26 'l:::.::1.
770 4365 8 26 ,
918 4354 1 40 .
978 4354 4 40 ,
1015 4354 1 40 '
1052 4369 19 9 ..,,
1077 4362 7 18 i
1094 4361 34 19 the
1146 4361 47 19 bu.t.
1211 4362 38 19 end
1258 4354 2 40 1
1528 4354 5 12 l-

1271 4355 43 18 siou
1323 4354 25 19 he
1356 4354 64 19 weeld
1428 4356 51 17 state
1488 4356 21 17 te
1518 4359 34 13 tee
1561 4352 66 19 anise
1636 4352 34 19 the
1675 4352 83 19 amount
1766 4352 65 19 which
1848 4357 78 20 rection
1943 4359 22 18 at
1987 4359 94 25 Beverley
2095 4359 31 20 for
2143 4365 40 14 two
2198 4362 81 20 months
2297 4363 48 19 with
2365 4364 51 20 hard
2428 4367 201 19 ;f'
2680 4368 19 18 d'
2744 4348 11 31 P

2970 4359 11 7 '
3019 4359 1 15 '
3113 4362 15 9 '

3221 4363 27 7 ''.

3274 4361 4 13 '
3288 4365 17 8 .'

3334 4356 5 19 -
3346 4356 34 14 r'''''

3457 4359 5 7 .

322 4402 9 8 ~
365 4367 4 50 :
379 4367 4 50 .
400 4406 14 6 ...
425 4367 4 50 :
449 4397 21 14 ,
487 4367 2 50 t
496 4397 24 15 I,e
544 4400 17 12 re
573 4394 60 18 ester
646 4393 20 19 of
702 4394 6 12 j
719 4394 17 12 -i
758 4394 19 12 is
814 4367 2 50 ,
937 4387 12 13 e
1051 4367 2 50 '
1058 4388 30 15 eet
1104 4385 148 24 unmercifully,
1258 4378 38 26 ihe
1309 4378 39 19 and
1364 4378 32 18 his
1414 4378 111 20 coll.theites
1541 4377 74 22 !beagle
1616 4377 11 22 -
1645 4377 93 18 sufficient
1753 4376 31 19 for
1795 4377 35 19 the
1848 4381 76 20 labour.
2440 4372 11 13 o
2472 4367 37 19 the
2516 4372 45 13 new
2568 4372 47 19 gun,
2626 4369 52 17 andel
2694 4374 35 18 mg
2744 4369 18 17 0
2770 4374 11 13 e
2794 4369 50 24 plug
2858 4368 84 19 screwed
2952 4372 21 13 in
2986 4369 21 17 at
3033 4378 30 18 ee.
3071 4377 32 18 4d.
3103 4377 11 18 ,
3128 4377 56 18 keee

3200 4377 53 21 peek;
3266 4380 30 14 ee.
3312 4376 32 18 ea.
3357 4377 21 15 to
3391 4375 6 17 4
3397 4375 20 17 ,,.
3429 4371 9 18 e
3438 4371 30 18 d,.
3482 4365 9 21 s
3491 4365 40 21 mall
3541 4362 26 20 do.

2440 4391 34 18 the
2483 4391 73 19 breech
2565 4391 45 21 end,
2628 4391 40 19 will
2686 4391 26 19 he
2730 4393 53 20 27ft.,
2802 4393 40 19 and
2858 4393 35 18 the
2907 4391 72 24 length
2987 4391 21 18 of
3018 4389 44 30 I,
3070 4401 33 18 Sit,
3113 4404 21 14 to
3143 4390 13 25 e
3156 4390 13 25 e
3189 4400 27 15 ~,e
3226 4401 9 15 ,
3235 4401 9 15 1
3244 4401 11 15 ,
3265 4401 43 15 etbe
3322 4402 21 17 l's
3397 4400 20 15 to
3425 4398 20 15 Its
3459 4383 5 35 c
3464 4383 6 28 '
3470 4383 18 28 el:
3495 4396 30 19 ler
3533 4387 8 20 a
3541 4387 26 20 Tha

516 4411 325 24 'II
544 4419 7 17 I
586 4417 56 17 lln
1016 4398 2 41 '
1096 4409 35 18 the
1146 4409 56 22 park,
1213 4409 38 18 but
1258 4398 2 41 I
1271 4402 81 18 &deice
1362 4402 19 18 of
1390 4402 35 18 the
1435 4406 89 19 country.
1550 4401 17 18 It
1587 4401 46 22 only
1643 4400 71 25 carped
1723 4402 20 17 at
1753 4400 78 22 details,
1874 4411 41 18 SAD
1929 4411 69 19 STORY
2016 4419 57 13 FROM
2092 4414 203 21 HAS:I:Hint:E.-The
2314 4417 41 18 Part
2368 4419 48 18 srat
2440 4415 47 18 brre
2571 4416 24 17 In
2604 4415 35 19 the
2648 4415 44 19 Satst
2704 4417 91 17 instant's
2803 4417 37 17 the
2858 4416 18 17 al
2887 4416 33 17 Fri
2930 4415 39 18 will
2983 4415 25 19 be
3034 4415 9 24 L
3044 4415 9 24 .
3053 4415 9 24 ;
3074 4414 7 26 s
3081 4414 14 26 e,
3132 4414 31 26 ,,,T
3163 4414 15 26 ee
3178 4414 8 26 .
3187 4410 31 8 -
3224 4415 6 7 '
3244 4409 19 12 -
3263 4409 9 12 '
3273 4409 31 12 -ee
3304 4409 11 12 '
3346 4398 5 41 *
3358 4398 24 20 bd.
3381 4398 8 20 '
3446 4398 5 41 *

1084 4431 69 19 shinds
1163 4431 87 24 brought
1259 4424 1 39 :
1271 4426 41 19 and
1320 4424 71 20 hinted
1398 4431 12 13 a
1420 4431 63 13 vague
1492 4424 155 18 disaetisfactem
1656 4424 84 18 without
1752 4424 79 22 justify-
1851 4435 250 25 Gazette'scorresponcleat
2112 4439 20 18 et
2148 4437 119 26 Southamet
2276 4444 9 13 -
2285 4444 9 13 a
2313 4441 66 18 writes
2386 4450 15 8 t
2401 4450 15 8 -
2443 4439 48 18 len.
2507 4439 38 19 but
2552 4440 47 18 am
2585 4424 19 39 p
2624 4424 19 39 1
2663 4424 19 39 '
2735 4424 4 39 '
2794 4440 12 18 d
2829 4437 228 19 tie
3077 4439 33 5 -
3122 4440 14 4 -
3136 4440 45 4 jei
2585 4444 13 18 p
2608 4444 11 13 e
2627 4444 100 19 provoien
2734 4446 17 12 as
2761 4446 32 12 ma
2809 4444 40 13 eln
2857 4440 35 18 the
2937 4439 71 18 chimesa
3061 4448 41 13 r.
3164 4441 203 20 ii
3367 4441 102 20 l
3504 4440 9 14 '
3514 4440 9 14 -
3523 4440 19 14 ae
3552 4433 17 17 te

3247 4448 33 15 eze
3285 4447 37 22 day
3324 4444 79 19 .-The
3418 4448 37 12 mo
3471 4448 17 9 e.
3506 4450 14 5 ...
3533 4454 6 8 .

295 4473 17 11 .a
324 4466 63 21 i.rigri:
416 4469 53 15 ttiu,.:
480 4467 31 15 end
521 4463 20 19 of
550 4463 34 19 the
595 4463 40 20 tied
635 4463 11 20 ,
646 4463 21 20 e,
692 4463 6 17 ,
698 4463 12 17 !1
710 4463 6 17 ,
723 4463 83 13 erelscr
817 4466 7 9 o
840 4448 4 39 .
1055 4456 12 18 I
1084 4456 38 18 Mr.
1137 4456 64 20 Dam,
1214 4461 37 13 one
1271 4450 37 20 ieg
1325 4450 21 15 it.
1374 4450 52 15 such
1442 4449 72 20 tang.
1518 4454 24 14 ze
1551 4448 51 17 from
1618 4453 12 12 a
1648 4448 92 18 Minister
1753 4448 20 18 in
1782 4448 48 18 such

1850 4457 58 20 Some
1917 4460 119 19 excitement
2046 4461 96 19 batheen
2151 4463 78 19 created
2236 4463 21 18 in
2268 4463 64 20 North
2340 4465 33 19 Ha
2453 4462 7 19 f
2494 4453 4 31 '
2928 4463 6 11 '
2993 4461 15 20 1
3164 4454 52 14 '''''''
3523 4461 45 17 ems.

2340 4465 78 25 Hump.
2443 4468 9 13 o
2473 4463 35 19 the
2518 4463 50 19 steel
2577 4463 48 18 tube
2635 4466 21 17 to
2666 4469 39 13 Inm
2709 4470 44 12 ease
2763 4463 45 19 that
2818 4463 63 22 egure
2889 4463 21 17 to
2928 4463 51 17 seim
2992 4468 7 12 I
3072 4473 7 14 e
3079 4473 8 14 .
3381 4469 19 17 ill
3409 4473 30 12 ais
3455 4468 20 15 31
3488 4465 17 17 ot
3514 4467 8 11 a

292 4500 20 9 e-
330 4489 40 20 nnd
386 4489 28 19 tel
415 4489 9 19 .
424 4489 58 19 :ewers
501 4487 79 20 rimmed
595 4491 21 15 at
638 4486 31 20 ads
676 4470 2 39 '
690 4483 19 18 ai
720 4482 32 19 lhe
762 4482 47 24 Pile's
821 4482 31 17 'et
860 4492 11 13 e
885 4489 13 9 is
1055 4483 18 14 st
1088 4480 35 19 the
1135 4481 54 21 gate.
1213 4479 38 20 Mr.
1259 4470 2 39 ,
1272 4473 151 19 circumstances
1433 4475 71 26 canoe
1512 4470 104 19 command
1624 4476 38 20 any
1672 4470 106 26 authority,
1792 4472 1279 19 andcon
3083 4472 69 19 mitered
3161 4472 51 21 firm,
3220 4470 34 19 but
3266 4475 58 14 t.ere
3332 4470 17 18 is
3360 4473 24 14 e.

1851 4483 52 20 shire
1911 4483 27 20 by
1946 4483 35 20 the
1991 4485 61 20 death
2061 4486 21 19 of
2098 4486 56 25 Mary
2164 4488 51 25 Day,
2223 4488 45 20 wife
2277 4488 21 20 of
2307 4495 12 14 a
2326 4489 92 20 labourer
2443 4487 81 20 deemed
2532 4487 48 20 desi,
2587 4487 45 20 able
2663 4488 43 20 The
2715 4489 67 20 iiiiing
2791 4487 37 20 has
2836 4489 34 17 not
2881 4492 20 13 as
2910 4489 35 15 vet
2957 4486 51 20 been
3412 4483 4 31 .
3424 4492 7 18 f
3444 4491 50 24 hop',
3502 4491 21 14 an

3544 4480 24 20 the

346 4522 24 13 ~..,
410 4514 45 19 lath
461 4519 6 13 -
467 4519 21 13 ni.
498 4514 120 20 ETSntleman,
630 4512 40 19 had
692 4508 56 19 benn
758 4507 45 19 rmie
814 4507 54 19 ad-r.
1058 4505 21 24 1,,
1080 4505 7 24 ,
1087 4505 21 24 ,p,
1120 4504 38 20 ,Ind
1173 4506 78 19 Ineec.
1259 4492 2 44 '
1272 4499 51 17 mus
1324 4498 74 19 tencite
1407 4496 58 19 much
1475 4500 52 15 misti
1533 4501 38 14 ust.
1598 4499 14 17 A
1623 4496 52 19 little
1684 4498 73 19 matter
1766 4500 1312 18 serveslion
3087 4498 21 19 in
3117 4496 37 20 the
3162 4496 85 19 demend
3256 4496 31 18 for
3296 4496 25 18 al,
3332 4496 71 18 classes
3416 4498 7 12 e
3469 4502 15 12 ,
3502 4492 43 27 e..
3561 4502 8 8 ,

1850 4509 21 20 at
1880 4505 53 24 Lli
2044 4512 227 27 Altthough
2298 4515 9 6 -
2443 4513 54 19 I'd
2510 4513 13 19 d
2574 4513 13 19 b
2639 4513 21 19 ill
2668 4513 11 17 I
2765 4513 58 18 fas
1936 4515 39 18 am,
1982 4515 48 15 near
2080 4518 32 15 on.
2128 4512 50 24 who,
2284 4515 21 20 6,
2326 4521 58 19 years
2396 4515 21 20 of
2456 4519 28 13 eci
2499 4522 9 9 e
2532 4519 32 15 on,
2574 4513 38 20 but
2621 4520 15 11 w
2679 4521 15 12 .e
2704 4520 13 13 a
2725 4517 72 17 ina,ter
2823 4518 22 13 or
2862 4506 146 26 consideration

953 4538 8 4 ..
1016 4537 6 5 .
1035 4511 1 43 .
1078 4527 174 26 accompaniedh-
1272 4525 21 17 to
1310 4522 99 19 illestrate
1427 4522 39 18 this
1483 4522 65 19 Isetten
1565 4522 48 19 !ban
1631 4528 11 13 a
1681 4524 33 18 eat
1726 4528 41 13 one.
1793 4522 1345 19 Mr.enhanced
3148 4527 53 14 rates
3211 4522 59 18 elthe
3287 4527 35 13 are
3338 4522 32 15 lot
3383 4515 92 24 williegly
3482 4511 86 21 stemetee

341 4541 84 21 --leaps
441 4540 34 15 not
484 4537 50 19 have
549 4538 50 18 eeen
607 4534 71 21 mole.'
691 4535 13 13 t
715 4539 7 11 3
731 4532 63 19 Wade
807 4532 39 19 and
855 4535 19 13 et
905 4532 2 31 .
1036 4532 344 31 .11!..
1552 4532 57 31 ,
1667 4532 229 31 age,
1910 4535 41 19 had
1971 4535 17 19 it
2001 4537 112 24 transpixed
2134 4539 22 17 at
2177 4544 26 12 an
2224 4539 80 22 inquest
2316 4540 50 19 held
2378 4541 40 19 last
2444 4543 20 13 as
2478 4538 35 18 the
2529 4544 41 18 gun
2588 4539 86 22 app
2674 4539 37 18 ha
2726 4538 125 24 compleiom
2878 4535 83 20 Neither
2973 4537 37 19 the
3273 4544 38 18 -
3311 4544 38 18 3
3348 4544 38 18 .
3386 4544 38 18 -
3452 4543 8 15 t
3475 4540 6 7 7
3487 4537 12 19 .
3498 4537 12 19 -
3535 4537 13 19 E

1172 4545 5 26 1
1225 4545 5 26 .
1273 4547 61 18 Ward
1343 4547 58 18 Rent
1414 4547 123 22 unapt:Orel
1551 4547 44 18 that
1609 4547 34 18 the
1658 4548 8 9 h
1672 4547 57 19 oilers
1742 4547 20 18 of
1770 4553 13 12 a
1792 4554 39 13 eer-
3072 4548 27 22 by
3113 4553 119 12 eceasemers.
3266 4550 28 13 tta
3312 4545 35 18 the
3363 4550 33 12 eon
3409 4547 28 13 1...
3437 4547 14 13 en

3465 4550 19 18 ...
3523 4565 7 5 ,
3550 4558 13 4 _

351 4566 13 12 s
381 4563 19 19 th
400 4563 9 19 -
410 4563 41 19 ade.
465 4561 35 18 bet
515 4561 34 17 the
559 4561 72 26 liberty
640 4565 30 13 ae.
696 4557 27 17 Me
750 4557 31 18 W.
803 4556 25 19 11.
850 4556 46 18 Reo
904 4550 4 39 -
932 4550 2 39 ;
964 4550 2 39 -
1010 4560 19 12 n.
1056 4556 9 15 il
1072 4554 26 18 ee
1119 4554 60 21 bug
1172 4556 19 15 la
1213 4560 39 12 vas
1850 4559 61 21 week,
1924 4559 31 19 for
1963 4560 35 18 the
2007 4560 39 18 last
2055 4561 39 18 fith
2106 4567 64 17 years,
2179 4563 31 18 for
2218 4565 57 17 want
2290 4564 21 18 of
2320 4565 98 18 sufficient
2444 4561 73 21 weight
2526 4561 21 19 of
2559 4563 105 22 proiectile
2673 4569 37 12 nor
2718 4563 35 17 the
2763 4561 92 20 euantity
2863 4560 22 17 of
2894 4560 80 21 powder
2987 4564 22 17 to
3034 4550 22 39 t;

1273 4571 43 18 ten
1324 4576 26 12 nu
1374 4571 59 18 boos
1442 4571 41 17 iroh
1496 4571 41 17 'el:
1548 4577 15 9 w
1572 4561 5 28 -
1632 4571 22 18 t
1684 4571 43 18 first
1759 4572 8 17 t
1811 4577 13 13 n
3035 4577 11 12 a
3057 4573 52 15 Mast
3120 4573 21 15 at
3151 4577 37 12 ae
3207 4561 2 28 .
3285 4561 4 28 ,
3189 4574 8 14 I
3213 4570 53 18 nesti
3275 4570 6 18 1
3304 4569 27 18 len
3352 4569 35 17 the
3396 4567 105 17 ;esteems
3514 4563 26 14 ae
3549 4561 20 11 re

370 4587 32 11 -
416 4577 5 37 :
438 4585 148 21 Peel-ere:lee
606 4583 64 19 would
678 4577 1 37 ,
692 4580 85 20 smered,
788 4580 39 18 and
835 4580 73 17 Kerrie
908 4580 13 17 ,
965 4585 9 2 --
1003 4584 34 11 ros
1055 4583 50 13 w.re
1120 4577 97 19 attended
1225 4580 27 15 to.
1279 4581 13 20 s.
1305 4594 31 19 ,;,.
1352 4577 20 37 in
1372 4577 11 37 n
1383 4577 11 37 s

1407 4585 12 28 w
1419 4585 12 28 i
1430 4585 24 28 io
1454 4585 13 28 .

1492 4581 8 32 m
1500 4581 28 32 ...
1528 4581 9 32 -

1551 4577 6 34 ~
1557 4577 61 34 ......re:
1622 4577 9 12 a
1650 4577 21 22 111
1671 4577 8 22 .
1728 4576 31 20 -rt
1766 4577 43 13 .co
1825 4583 6 5 .

1851 4581 103 20 habitable
1962 4585 169 18 accommodation
2139 4585 20 19 in
2169 4585 34 19 the
2211 4587 76 22 parish,
2302 4587 51 19 been
2367 4594 41 13 tom
2411 4599 7 5 .
2444 4585 24 18 be
2477 4586 106 18 eontainel
2593 4587 21 17 in
2622 4587 37 17 the
2672 4581 102 25 cartridge
2786 4585 31 17 for
2831 4584 35 17 the
2882 4585 24 15 81
2915 4586 37 15 ton
2967 4590 43 18 gun
3311 4593 12 18 d
3351 4597 45 12 rore
3403 4579 5 32 '
3416 4586 91 22 Stren4th
3535 4579 28 19 lier-

442 4611 21 17 'g
463 4611 45 17 eese
522 4613 13 13 w
535 4613 26 13 as
579 4613 12 13 m
591 4613 13 13 o
604 4613 13 13 r
617 4613 13 13 e
643 4602 8 26 i
651 4602 9 26 n
660 4602 19 26 .:
694 4603 27 24 Py
731 4603 31 19 his
771 4604 41 19 side
821 4604 32 24 ley
862 4609 9 24 11
872 4600 5 32 .
882 4609 11 18 I
893 4609 12 18 ,
920 4604 18 17 1,
950 4600 4 32 ,
973 4603 17 14 'I
996 4600 5 32 -
1023 4603 13 18 1.
1054 4607 12 9 I'.
1070 4602 9 18 l'
1085 4600 31 20 ich
1131 4600 40 20 had
1186 4600 67 20 flowed
1273 4602 13 12 .
1304 4600 6 12 I
1339 4609 8 13 ..

1289 4598 14 15 it

1309 4605 40 33 ied
1370 4619 26 19 by
1538 4596 4 44 '
1570 4600 6 39 .
1576 4600 12 39 1;
1587 4600 13 39 S:
1616 4600 32 14 CEI,
1655 4626 9 13 r
1674 4596 22 43 in
1696 4596 11 43 w
1707 4596 33 43 sub
1740 4596 11 43 s
1750 4596 11 43 t
1761 4596 12 43 r
1773 4596 12 43 a
1785 4596 35 43 the
1820 4596 12 43 ,

1851 4607 66 25 palled
1925 4609 21 18 to
1955 4607 39 19 live
2003 4609 48 18 with
2057 4609 37 19 her
2100 4609 91 20 husband
2198 4611 86 25 entirely
2289 4612 21 19 in
2317 4612 100 20 sheltered
2444 4610 35 18 has
2487 4609 48 20 beer
2546 4610 106 25 positively
2662 4609 58 21 fled,
2730 4611 34 15 ..,d
2770 4609 37 18 the
2811 4607 25 19 fir
2863 4607 40 19 will
2913 4607 97 26 probably
3035 4594 71 26 ported
3123 4597 22 17 to
3163 4594 25 19 ha

3231 4599 99 37 ''''P'...l.
3344 4598 6 12 r
3353 4623 9 12 c
3377 4612 72 21 nisted
3458 4611 19 19 of
3489 4607 31 20 210
3529 4602 41 21 Wei

438 4636 40 19 Ito
493 4635 52 19 thee
554 4632 35 20 the
598 4633 73 19 ms)tion
678 4628 32 28 ,fr
716 4633 26 13 em
756 4633 58 19 seren
824 4635 21 13 or
859 4629 43 24 eigh
908 4625 5 31 i
932 4635 27 11 ei
966 4635 25 12 en
1015 4633 14 8 ,
1038 4626 79 20 .1,
1117 4626 14 20 2
1146 4626 24 20 th
1169 4626 12 20 e
1194 4626 12 20 h
1206 4626 24 20 ea
1230 4626 24 20 d.
1273 4625 35 19 rep
1384 4625 5 31 ,
1421 4625 20 14 as
1459 4625 26 14 in.:
1485 4625 7 14 .

1512 4622 59 27 .wnet
1585 4619 5 39 ,
1600 4626 7 12 r
1626 4619 4 39 ,
1644 4619 8 19 I
1665 4619 4 39 .
1691 4620 61 19 Ward
1774 4620 57 20 Hunt
1851 4633 57 25 spots
1923 4633 63 19 about
2007 4633 34 19 the
2062 4633 52 20 farm
2135 4641 25 13 on
2183 4636 64 19 which
2269 4637 35 20 the
2324 4637 93 21 husband
2444 4639 61 15 range
2515 4635 89 19 Mitemem
2627 4619 1 39 eilel
2628 4619 2 39 I-
2635 4635 31 18 --11
2666 4635 17 18 -,
2682 4635 8 18 .
2698 4633 39 19 and
2744 4633 81 21 I:Steele,
2832 4632 57 19 wbile
2894 4632 38 20 the
2937 4633 72 20 second
3037 4620 71 19 week's
3117 4620 84 24 import%
3211 4619 41 18 into
3273 4624 28 12 ,ce
3301 4624 9 12 ,
3322 4623 21 12 m

678 4644 2 39 -
696 4652 27 20 efe
733 4659 38 13 was
781 4654 60 19 taken
850 4654 56 19 door
917 4655 20 18 to
945 4654 32 19 th,
990 4659 13 18 p
1012 4652 130 20 .11.e.stAtion,
1155 4652 64 19 where
1228 4651 26 20 he
1274 4644 86 26 thoreght
1375 4645 45 19 that
1436 4645 33 19 -he
1486 4645 7 18 1.
1493 4644 5 39 ,
1504 4645 53 19 tilers
1571 4646 19 18 of
1606 4645 26 19 al,
1642 4651 21 13 se
1676 4645 13 19 h
1706 4645 54 24 ships
1768 4646 64 24 ought
1851 4658 79 20 worked
1962 4659 91 24 Latterly

3425 4639 17 17 '1
3456 4637 19 19 II
3488 4641 8 12 r
3506 4633 13 39 '
3519 4633 14 39 ,
3533 4633 28 39 1,
3554 4633 17 6 --

3037 4646 51 18 from
3103 4646 100 22 Antwerp,
3221 4645 25 17 60
3265 4644 48 18 hoe
3324 4648 31 14 en.
3367 4646 30 13 an;
3424 4642 5 27 .
3457 4642 4 27 ;
3475 4642 7 24 a
3482 4642 7 24 .
3559 4649 6 19 .
3565 4649 7 19 d

1932 4657 5 27 .
2065 4659 46 25 ,hey
2119 4659 39 19 had
2171 4662 80 18 erected
2262 4662 58 19 abut
2335 4664 84 18 consist-
2444 4665 46 18 may
2506 4659 24 19 be
2548 4661 54 18 esti,:
2607 4659 46 19 ated
2673 4662 20 15 et
2714 4659 61 18 about
2796 4657 100 20 one.sirth
2919 4658 20 19 sl
2963 4659 47 19 that

678 4665 2 40 ,
694 4678 33 17 iee
737 4678 20 17 ir.
771 4684 9 12 a
796 4678 112 27 precarious
924 4680 32 17 sta
965 4684 11 9 e
1050 4683 22 12 an
1139 4676 116 21 theleensile
1274 4670 73 24 always
1355 4671 20 17 to
1382 4669 25 19 be
1416 4670 21 18 in
1446 4670 94 19 erstrate
1556 4670 81 19 ce-nditie
1688 4671 27 18 As
1724 4670 38 19 Mr.
1909 4683 8 18 f
1993 4671 468 30 eet
2460 4671 626 30 East
3104 4670 54 18 Kent
3184 4669 71 20 1i..11din
3255 4669 24 20 ,,,
3279 4669 8 20 ,
3306 4670 34 15 eel.
3357 4669 27 15 0%
3397 4668 20 15 t;
3435 4665 33 17 411:
3483 4665 33 13 see

1851 4687 37 19 mg
1896 4689 12 12 o
1926 4689 11 12 a
1946 4683 38 18 few
2008 4690 22 12 m
2046 4690 28 12 -es
2083 4685 81 18 eovered
2173 4685 50 18 with
2232 4687 61 18 straw
2307 4687 20 18 in
2334 4691 12 13 a
2352 4687 67 19 chalk.
2444 4690 12 12 a
2477 4685 48 17 eunt
2558 4684 107 21 Aseuming
2675 4688 25 12 an
2709 4682 66 17 thitial
2785 4682 86 24 velocity
2881 4682 20 17 of
2915 4684 47 15 1300
2969 4684 40 18 feet
3050 4678 5 30 -
3136 4678 4 30 .
3207 4678 4 30 -
3259 4684 11 18 7
3300 4691 24 17 eti
3350 4691 8 15 1
3358 4691 8 15 -
3390 4689 6 18 f
3415 4688 50 18 Kett
3480 4687 18 15 ..e
3521 4678 39 19 laid
3560 4678 11 19 ,

754 4702 71 20 retune
824 4702 12 20 d
836 4702 13 20 ,
866 4701 26 18 an
892 4701 13 18 d
920 4707 39 12 wes
977 4701 19 18 So
1052 4703 20 11 1.,..
1089 4700 34 19 con
1123 4700 11 19 t
1134 4700 12 19 a
1146 4700 12 19 i
1157 4700 12 19 n
1186 4697 9 26 /
1195 4697 19 26 el
1214 4697 9 26 a
1224 4697 9 26 t
1233 4697 11 26 e
1244 4697 11 26 d
1263 4693 1 31 '
1276 4694 57 18 Hunt
1346 4693 40 19 hed
1403 4698 25 13 no
1453 4695 65 22 given.
1532 4694 57 27 and,.
1594 4694 78 21 indeed,
1684 4694 40 18 hat
1741 4697 34 14 not
1792 4695 40 19 had
3038 4694 71 20 Rents,
3123 4695 35 18 .04.
3167 4694 21 18 to
3196 4695 35 17 xis.
3244 4694 41 19 Os.;
3325 4697 24 12 ea
3357 4696 13 12 er
3377 4696 11 11 o
3467 4693 4 31 .
3485 4693 2 31 .

1852 4706 31 25 pit
1892 4711 25 13 on
1926 4707 35 18 the
1968 4707 20 18 fa
2020 4708 44 18 .On
2069 4708 17 18 T
2125 4708 9 18 d
2169 4700 5 34 '
2194 4708 6 18 1
2296 4700 5 34 '
2555 4707 13 18 d
2591 4707 22 18 th
2683 4706 21 18 ill
2719 4704 25 18 be
2758 4706 21 17 at
2793 4704 35 19 the
2843 4706 65 18 mum!
2934 4706 11 19 f
2985 4707 14 18 h
2087 4714 35 12 ens
2138 4714 24 12 se
2167 4714 21 13 in
2203 4711 31 15 ast
2239 4710 54 18 week
2300 4710 35 18 the
2341 4716 77 13 NVOIMM
2432 4700 2 34 ,
2444 4713 34 19 Per
2496 4711 58 13 meon
2570 4700 5 34 .
2616 4711 32 13 ere
2666 4711 15 11 w
2909 4711 11 13 e
2934 4706 32 19 far
2974 4709 8 15 t
3000 4713 11 12 e

696 4724 8 20 s
704 4724 19 20 to
723 4724 9 20 -
732 4724 28 20 ds,
769 4731 12 11 a
787 4724 20 21 th
807 4724 9 21 e
816 4724 31 21 ta,
856 4724 40 19 and
905 4724 57 18 ether
970 4724 69 19 mewl-
1075 4723 61 19 whieh
1154 4723 38 19 Mr.
1208 4720 56 28 Tip.t
1274 4719 48 18 time
1339 4719 22 18 to
1375 4717 50 18 form
1440 4723 12 12 a
1469 4723 25 15 ge
1506 4717 12 18 d
1537 4719 79 22 opinion
1630 4723 26 13 on
1672 4717 35 19 the
1728 4722 104 21 necessary
3037 4719 28 18 5
3090 4719 22 17 Is
3126 4709 4 39 -
3144 4719 71 17 Sussex
3236 4719 11 15 Z
3247 4719 24 15 3.
3292 4717 39 15 las.
3341 4719 20 13 to
3371 4715 34 17 41.
3417 4715 37 14 is.:
3469 4709 12 15 u
3481 4709 13 15 ,
3502 4710 64 13 ,,'""

1851 4736 40 13 was
1900 4731 61 18 taken
1970 4731 28 20 ill,
2008 4731 40 19 and
2056 4731 35 19 her
2100 4731 92 19 husband
2202 4737 11 13 a
2242 4733 26 19 lie
2213 4737 27 19 pp
2269 4733 12 18 .1
2288 4733 65 19 loran
2362 4734 57 19 order
2445 4733 14 17 11
2465 4733 18 17 et
2487 4731 32 17 lb.
2529 4730 104 25 projectile
2641 4729 69 18 ablsw
2718 4727 21 19 of
2752 4729 66 19 11,715
2826 4728 43 19 foot
2877 4730 53 20 tons,
2937 4730 31 18 for
2975 4730 37 20 the
3022 4727 2 30 .
3050 4727 2 30 .
3113 4727 5 30 '
3176 4727 5 30 ,
3216 4730 69 14 =
3435 4740 26 11 ~,,
3472 4734 8 17 t
3481 4734 9 17 k

694 4748 47 24 pir;
751 4748 102 21 identified
866 4755 21 13 a,
901 4749 31 18 hi,
948 4752 99 20 properts.
1077 4748 25 18 ek
1102 4748 13 18 e
1131 4747 24 20 ro
1155 4747 24 20 bb
1179 4747 24 20 er
1215 4754 38 14 sear
1276 4740 94 20 standard
1378 4741 21 19 in
1407 4741 47 19 such
1463 4744 89 17 matters.
1564 4742 61 18 loser
1626 4742 69 19 iticism
1702 4741 57 20 could
1766 4744 33 18 not
1809 4743 771 31 be
2581 4743 386 31 d
2981 4755 7 6 .
3038 4742 34 18 len
3083 4743 40 17 lee.
3136 4744 21 14 to
3167 4742 34 17 .efe
3214 4746 39 15 es.;
3270 4740 28 18 ha
3299 4739 76 19 ruham,
3387 4737 17 18 .e
3404 4737 18 18 5.

1883 4755 24 19 th
1962 4755 14 19 '
1976 4755 14 19 -
1990 4755 43 19 'l2
2033 4755 15 19 .
2073 4756 7 19 1
2099 4757 15 11 ,
2190 4756 47 20 Vele
2445 4756 54 18 11001
2600 4754 22 18 CI
2700 4752 8 19 l
2721 4753 11 20 1
2732 4753 11 20 9
2743 4753 21 20 ,8
2777 4753 11 18 e
2803 4752 41 19 foot
2861 4754 8 17 t

696 4773 34 18 bre
739 4778 41 19 .got
790 4780 26 18 up
826 4774 66 20 before
902 4774 35 19 Mr.
950 4773 20 19 S.
976 4772 92 25 Ranyard
1074 4778 25 14 on
1106 4772 92 25 Monday.
1224 4773 31 20 He
1274 4766 106 20 defendei.
1406 4766 31 19 He
1446 4766 48 22 se&
1504 4770 39 18 tec,
1551 4766 45 20 that
1606 4766 25 20 he
1644 4767 37 19 felt
1690 4766 67 20 bound
1766 4769 21 17 to
1799 4774 34 18 say
1851 4760 26 14 on
1909 4761 9 14 e
1924 4761 52 19 part,
1997 4756 76 19 mod,a
2086 4762 79 15 o...cers,
2172 4763 17 12 w
2204 4763 7 13 i
2241 4763 39 13 was
2284 4757 81 19 refused
2382 4757 37 20 but
2503 4761 18 12 0.
2529 4760 67 19 pro3ee
2608 4761 6 11 i
2623 4760 9 12 e
2642 4757 37 13 ,ne
2687 4757 12 13 o
2733 4757 43 13 --,
2783 4757 131 18 ,one,
2927 4759 26 14 an
2980 4761 31 14 ror

1852 4780 38 20 Dr.
1896 4780 70 22 Leslie,
1972 4780 85 25 hearing
2063 4781 21 20 of
2089 4781 35 20 the
2131 4788 46 13 case
2226 4783 7 19 t
2241 4782 14 19 h
2353 4783 13 19 h
2372 4773 109 27 'the
2490 4779 45 19 1200
2535 4779 24 19 lb
2570 4776 109 26 projectile
2686 4776 37 19 the
2731 4776 74 20 terrific
2813 4776 41 20 fore
2888 4778 27 19 f'
2855 4783 13 13 e
2876 4783 12 13 o
2910 4782 74 21 impact
2991 4780 21 20 of
3038 4768 90 21 country,
3137 4767 37 18 4..
3183 4766 38 18 10s.
3230 4767 22 17 to
3261 4765 33 19 45.
3306 4765 51 19 10s.;
3373 4761 94 25 yet:alines
3478 4760 25 13 -ee
3511 4760 9 30 5
3521 4760 20 30 e7
3541 4760 32 30 26;

2044 4788 8 24 g
2053 4788 9 24 .
2177 4781 5 32 ,
2190 4783 44 19 sent
2256 4788 21 14 er
2282 4788 12 14 a
2301 4789 51 19 coug
2353 4783 13 19 h
2372 4789 19 13 m
2392 4783 28 19 ix.
2490 4806 7 4 .
3038 4792 28 19 4
3081 4793 52 20 10e.;
3143 4791 104 19 Bavarian,
3257 4791 34 17 nI.
3301 4789 38 18 los-
3346 4789 21 17 to
3379 4788 31 20 Of;
3420 4781 79 26 Belgian-
3506 4783 30 12 as-

694 4796 79 19 refused
781 4800 21 15 to
811 4799 43 24 give
865 4799 31 18 his
905 4804 58 13 name
1005 4798 44 18 The
1061 4798 87 19 revolver
1157 4798 47 19 used
1214 4804 40 14 was
1276 4792 45 19 that
1330 4793 71 19 urgent
1417 4792 80 24 appeals
1512 4795 30 14 tor
1553 4792 78 19 turteer
1645 4791 129 25 expenditure
1782 4799 51 13 were
1853 4806 34 18 tee
1930 4806 12 18 s
1959 4793 396 30 tfoot
2355 4793 79 30 *
2434 4793 159 30 to
2627 4791 1 33 '
2655 4802 20 18 It
2829 4801 143 18 -
2972 4801 573 18 1.,
3553 4795 20 19 el

1887 4811 18 13 e.
1945 4811 12 12 u
1968 4809 117 20 sequenty,
2101 4807 35 18 her
2153 4807 99 21 husband,
2269 4813 26 13 on
2314 4811 105 20 returning
2445 4806 67 20 10.'5
2569 4802 48 20 lons
2626 4801 2 30 .
2641 4801 4 30 .
2685 4807 15 12 1.-
2711 4801 40 18 also
2766 4802 111 19 calculated
2895 4802 45 20 that
2959 4805 53 19 after

696 4821 97 24 prodecel
802 4799 5 46 ;
820 4822 44 19 four
872 4822 103 19 claambers
984 4828 51 13 were
1043 4822 43 19 still
1094 4822 93 22 charged.
1212 4822 43 20 The
1277 4817 59 25 being
1354 4817 57 19 made
1427 4820 21 15 to
1465 4817 47 20 him,
1526 4815 39 20 and
1573 4817 45 19 teat
1629 4815 94 20 demands
1736 4817 63 19 which
1808 4818 25 18 be
1854 4828 8 7 .
3038 4818 22 18 to
3069 4817 69 18 3.85.
3146 4815 40 20 ;51
3196 4820 34 12 ace
3246 4815 34 17 XI.
3292 4815 39 15 los.
3344 4815 21 14 tot
3377 4813 33 17 45.
3419 4812 46 17 120-;
3507 4799 33 20 rob
3553 4820 17 12 ,

1853 4828 51 20 from
1915 4830 59 21 work,
1982 4830 64 19 found
2053 4830 38 19 her
2098 4830 102 25 shivering
2209 4831 40 18 and
2256 4832 97 22 suffering
2368 4831 51 18 from
2444 4828 110 21 travelling
2559 4827 31 17 for
2600 4834 11 9 ii.
2620 4826 46 18 mile
2674 4825 40 18 and
2721 4825 157 24 three-quarters
2888 4827 34 19 the
2935 4828 77 22 projec-
3089 4841 7 7 s
3149 4825 4 31 .
3194 4838 11 18 d
3234 4844 27 5 -
3278 4825 2 31 -
3338 4838 22 15 IS
3360 4838 11 15 -
3371 4838 12 15 0
3399 4833 78 20 Al.es.
3487 4830 19 17 te

696 4846 44 19 dot
783 4846 43 19 who
783 4846 43 19 who
840 4852 39 13 was
895 4846 109 21 examine&
1013 4846 43 19 said
1064 4846 57 20 there
1135 4853 51 13 were
1194 4853 61 14 seven
1276 4841 33 19 did
1318 4841 35 18 not
1363 4846 32 13 see
1403 4841 32 18 his
1444 4846 41 18 way
1494 4843 21 17 to
1528 4841 94 19 resigner
1631 4846 51 13 were
1693 4840 53 25 daily
1755 4841 79 24 pressed
1854 4859 69 13 .orere

1943 4854 96 18 sickness,
3038 4841 21 15 to
3070 4841 34 17 Z.I.
3113 4841 28 15 Os.
3168 4844 24 13 an
3215 4840 110 15 nee:imam
3338 4837 48 18 l+l.
3371 4838 19 18 cu,

1988 4859 51 13 Leas.
2066 4854 35 18 His
2124 4859 73 14 master
2220 4857 44 17 sent
2287 4856 34 18 her
2340 4860 13 13 a
2366 4856 53 21 little
2445 4852 37 17 tile
2490 4852 51 17 from
2550 4850 35 19 the
2591 4852 20 14 so
2617 4851 43 15 don
2669 4856 13 13 g
2685 4854 11 11 ri
2699 4854 13 12 n
2726 4848 40 18 will
2781 4850 64 19 strike
2862 4856 12 12 a
2890 4851 32 18 far
2940 4852 72 19 harder
3149 4848 5 28 '
3506 4858 58 19 deraat
3567 4851 6 18 1

696 4874 54 13 weer
755 4869 20 19 is
781 4874 25 13 on
814 4870 35 19 the
859 4871 118 18 constable's
984 4870 52 19 heed
1046 4871 39 18 and
1091 4873 40 17 two
1140 4876 25 14 on
1173 4871 35 20 the
1217 4878 38 13 ear.
1277 4870 52 20 ern
1345 4865 48 18 him.
1420 4865 39 18 But
1476 4865 96 24 preally
1589 4871 59 17 every
1665 4871 41 12 ten'
1723 4865 52 19 head
1787 4866 20 17 of
1822 4872 11 12 a
1854 4877 77 25 brand,
1941 4877 39 19 and
1991 4881 52 13 went
2061 4881 21 14 to
2092 4884 32 12 see
2141 4879 41 20 her,
2192 4878 35 18 but
2245 4878 35 18 she
2296 4878 45 19 died
2354 4879 22 18 in
2388 4878 31 18 his
2445 4874 51 18 blow
2504 4874 51 17 than
2563 4873 45 17 that
2619 4876 15 13 tr
2634 4876 17 13 ,-
2650 4876 17 13 im
2679 4873 33 14 11,,,
2721 4873 64 21 origin
2785 4873 11 21 a
2796 4873 12 21 l
2817 4873 109 19 Woolwich
2941 4876 71 19 Infant
3024 4865 1 37 .
3064 4872 86 17 LONDON
3169 4873 104 17 i'RODUCE.
3287 4866 211 26 monaay.-3lodera.e
3562 4874 11 8 ,

697 4894 31 18 ile
742 4893 85 24 thenght
846 4900 35 13 one
898 4900 40 13 was
947 4894 71 19 mewed
1028 4896 26 24 by
1068 4900 11 13 a
1088 4894 70 24 bullet,
1166 4896 37 19 but
1217 4896 39 21 had
1277 4894 56 20 great
1342 4889 98 25 spending
1454 4889 126 25 department
1590 4890 34 19 hat
1642 4889 39 19 hal
1698 4889 136 19 innumerable

1853 4906 102 20 presence.
1981 4900 65 20 When
2055 4902 35 19 the
2099 4907 81 13 coroner
2192 4902 39 19 and
2242 4903 45 22 jury
2295 4904 53 17 went
2357 4904 21 17 to
2387 4907 33 13 see
2445 4900 21 15 at
2476 4897 43 18 first
2529 4896 92 21 starting,
2631 4900 24 12 ey
2655 4900 12 12 e
2667 4900 12 12 ,
2687 4902 9 12 e
2701 4900 30 11 ,se
2735 4898 54 22 ming
2796 4897 34 18 the
2837 4897 74 19 former
2917 4902 21 14 to
2946 4900 35 17 wei
2998 4900 14 19 h

2983 4906 13 14 g
3038 4893 32 19 for
3078 4900 61 19 sugar
3149 4897 21 18 at
3181 4894 43 19 late
3237 4897 64 18 rates;
3315 4894 66 19 atioat,
3393 4892 35 18 No.
3442 4890 20 18 12
3475 4881 98 37 comer!

696 4920 34 17 net
738 4923 33 19 yet
781 4918 50 19 been
840 4918 45 19 able
893 4920 20 15 to
922 4920 103 18 ascertain.
1050 4919 44 19 The
1106 4920 79 19 articles
1192 4920 65 19 stolen
1277 4913 48 20 such
1342 4913 131 25 applications
1491 4920 25 12 on
1531 4913 92 24 entering
1641 4915 52 18 nem
1701 4913 5 30 ;
1724 4913 26 18 he
1767 4913 17 18 is
1799 4913 35 19 the
1844 4913 2 30 ;

1789 4936 9 13 A
1856 4925 34 19 the
1899 4925 52 24 body
1959 4925 115 22 theyfound
2083 4926 15 17 it
2109 4926 56 20 lying
2174 4925 65 17 where
2248 4926 15 15 it
2270 4925 39 17 had
2319 4925 102 18 remained
2445 4926 26 13 no
2479 4925 53 12 more
2548 4919 51 18 than
2615 4919 67 17 110011,
2717 4920 39 19 But
2773 4926 12 13 a
2802 4920 125 24 comparison
2943 4924 20 17 of
2975 4920 37 21 the
3038 4917 115 21 Havannah
3159 4920 41 18 sold
3209 4920 20 17 at
3237 4919 59 18 255...
3296 4919 20 18 A.
3321 4919 31 18 for
3359 4916 72 20 United
3441 4915 22 18 Ku
3467 4909 1 40 -
3475 4910 44 22 ed(n
3519 4910 12 22 ,
3541 4909 8 35 u
3549 4909 8 35 r
3559 4929 11 12 s.

683 4938 1 28 ;
697 4948 48 12 ~,,,,
759 4942 24 24 pr
783 4942 12 24 .
795 4942 12 24 :
807 4942 51 24 4a
865 4941 39 19 ~,1
912 4942 32 21 ia.
944 4942 21 21 nt
965 4942 22 21 ig
987 4942 11 21 e
998 4942 24 21 a,
1031 4942 26 18 en
1057 4942 13 18 d
1078 4943 35 17 the
1121 4944 11 21 p
1131 4944 11 21 r
1142 4944 11 21 i
1153 4944 58 21 soner
1218 4949 39 13 wise
1264 4938 2 28 ;
1277 4938 79 17 nateral
1364 4943 71 18 person
1450 4939 21 15 to
1480 4938 64 17 whom
1552 4942 59 18 every

1626 4943 35 12 one
1676 4942 12 18 R
1688 4942 37 18 oes
1737 4936 44 18 who
1791 4943 21 12 "'
1812 4943 22 12 we
1856 4948 53 18 since
1918 4948 69 20 death,
1995 4954 11 12 e
2046 4949 33 17 sed
2095 4948 39 17 snd
2144 4946 123 17 unattended
2276 4946 26 18 by
2313 4946 58 17 nieht
2380 4946 39 18 and
2445 4944 64 17 formes
2518 4942 109 20 zeeerated
2635 4943 25 22 ay
2669 4943 41 17 this
2721 4933 4 34 7
2733 4946 80 19 ,nster,
2823 4946 21 15 SS
2855 4944 48 18 Elleh
2914 4951 11 11 a
2941 4952 47 13 tan
2988 4952 17 13 ,
3038 4941 54 19 fined
3102 4944 61 21 quiet.
3189 4943 74 18 Steady
3272 4942 85 18 demand
3365 4942 31 18 for
3402 4939 7 18 e
3409 4939 15 18 ,,
3424 4939 33 18 ffee
3464 4933 17 20 sti
3488 4935 6 18 I

663 4982 13 12 t
683 4959 1 34 .
767 4965 40 18 '.:',7..
1277 4962 34 14 net
1323 4959 57 26 thjnk
1385 4959 45 18 that
1440 4959 28 19 ei,
1468 4959 9 19 -
1478 4959 40 19 nzli
1527 4965 71 15 money
1611 4959 17 18 is_
1636 4959 59 22 being
1704 4962 59 24 spent
1772 4959 21 17 in
1804 4959 31 17 his
1845 4959 19 34 ,
1957 4959 37 34 ,_
2014 4976 40 4 _
2079 4959 5 34 ;
2083 4959 5 34 1
2088 4962 12 26 .
2112 4959 1 34 .
2135 4968 58 19 e,,,,e
2193 4968 9 19 s
2203 4968 31 19 ed,
2256 4964 26 21 ee
2282 4964 14 21 e
2317 4961 34 26 ..1-7e
2374 4969 20 17 se
2394 4969 11 17 l
2446 4965 47 17 was:
2504 4965 58 18 these
2572 4965 18 18 of
2603 4965 20 18 te
2648 4967 20 6 -
2681 4959 2 34 -
2738 4967 24 17 7'
2770 4967 17 18 ei
2790 4972 12 12 o
2805 4959 4 34 .
2816 4972 52 18 gees
2884 4968 17 12 is
2908 4968 43 19 ti
2979 4959 17 9 7
2995 4959 17 9 '
3022 4959 2 34 '
3038 4964 76 21 Co'ton
3152 4959 4 34 '
3170 4968 8 17 t
3194 4965 35 19 hut
3252 4959 5 34 r
3256 4962 6 22 t

3293 4965 6 6 '
3343 4965 26 18 -cl
3384 4959 28 20 ea
3412 4959 9 20 -
3422 4959 19 20 ,
3441 4959 28 20 ,,,
3469 4959 19 20 d

2861 4981 14 6 ~
2885 4981 9 4 ..
2928 4974 13 12 1,
2957 4975 54 14 more
3070 4976 7 7 ,
3123 4972 131 18 Toes
3266 4972 48 17 sac)*
3331 4972 24 11 re
3398 4978 19 13 --.

1856 4998 33 13 am-

1466 4988 18 11 .-.-
1491 4983 19 15 te
1525 4987 79 13 eesens
1620 4988 32 12 ere
1669 4988 46 12 very
1733 4982 103 21 meenious
1883 4976 12 17 3.
1913 4975 6 18 h
1919 4975 18 18 al'
1955 4976 32 17 lea.
2013 4980 7 5 s
2057 4975 5 28 ,
2098 4975 5 28 ;
2190 4975 4 28 '

2228 4991 6 8 t
2233 4991 6 8 .
2270 4974 4 26 -
2328 4983 15 12 -..
2382 4980 17 15 '.
2407 4974 12 18 5
2478 4980 9 12 .:
2498 4989 18 9 ~.
2529 4974 2 26 ;
2543 4989 18 9 ~,
2574 4990 11 8 e

952 4996 43 6 -
2349 4998 17 2 __
2386 4996 15 5 ..
2777 4989 5 25 t
2789 4989 2 25 -
2810 4989 2 25 .
2845 4997 13 11 is
2875 4993 56 21 Fee-
2940 5000 7 12 s
2979 4995 33 19 et,
3038 4989 87 25 nothing
3132 4990 61 21 doim!
3206 4991 19 18 ir.
3240 4991 28 18 Ile
3268 4991 9 18 ,
3286 4989 4 25 ;
3305 4990 27 19 Ft!
3340 4996 24 11 "..'
3377 4989 2 25 '
3390 4989 2 25 '
3488 4989 5 25 '
3514 4989 5 25 :
3544 4989 2 25 ,

2417 5002 1 2 ,

1311 5002 5 13 .
1370 5011 11 2 _
1467 5002 2 13 ,

1776 5011 2 13 .
1830 5011 5 13 ..
1858 5019 6 6 ~

3576 3015 27 13 orr,

3552 3030 6 17 t
3596 3043 7 11 ,

3600 529 38 28 OYAL
3651 523 104 22 GEOGR

3542 540 19 24 R

3559 553 177 37 INTERESTING

3692 576 63 21 LIVT

3539 627 24 19 At
3581 621 33 19 the
3632 611 91 21 meeting

3567 651 19 14 ts
3601 644 9 15 i
3611 644 11 15 n
3630 638 33 18 the
3672 633 65 19 Thent
3739 638 15 12 rt

3689 661 66 13 BeVerl

3570 698 5 595 1
3576 698 2 595 l
3579 698 4 595 e
3575 698 5 595 I
3581 698 6 570 113

3601 687 137 626 Y!lhji:oornlSetrall:::::Ni).'irijtu'biaetil.:wietnlyasns;geitUV.hehl:llll:3lnnns,in'aile.uhP:eaiveteo:sllal'il'Uodtlr'egisef:r
3725 904 13 12 a
3738 681 2 632 IL
3738 681 2 632 :
3739 681 1 632 76.
3739 681 2 632 t
3741 681 5 632 isPull
3745 681 2 632 );-'l
3745 681 2 632 l
3746 681 1 632 twitgi'l:
3749 707 6 600 aslati't

3560 1324 66 18 Mric..

3548 1338 1 28 I
3549 1348 24 19 Sir
3589 1345 74 18 Saior
3685 1338 70 18 FREW

3559 1372 24 22 vy
3591 1364 8 24 e
3599 1364 74 24 lseered.
3700 1361 54 19 Hari

3562 1397 14 21 a,
3582 1401 6 13 t
3592 1395 32 17 hat
3632 1388 115 26 gentleman

3565 1424 7 19 ,
3572 1424 22 19 ty,
3605 1419 32 18 the
3645 1411 102 26 reception

3566 1437 14 25 'i
3580 1437 14 25 ss
3594 1437 31 25 tie,
3650 1439 28 18 lie
3689 1436 66 18 bowed

3579 1467 74 18 Booths
3663 1461 71 18 Fonts
3749 1461 6 15 t

3573 1483 1 31 .
3586 1488 109 26 gentlemen
3711 1483 44 19 thei

3585 1517 31 18 the
3630 1511 87 22 meeting
3736 1515 17 12 w

3576 1538 12 22 5
3588 1538 84 22 --eopt.
3698 1535 57 18 Olov

3574 1563 51 21 ,ished
3643 1560 76 19 leaders
3731 1558 22 18 of

3579 1589 33 18 Mr.
3632 1584 123 22 Livingston

3578 1613 67 19 distone.
3666 1606 53 19 Both
3729 1612 26 17 ge

3579 1636 25 19 si,
3613 1631 66 20 bowed
3689 1630 66 19 contin

3548 1661 26 24 (Sir
3586 1659 48 19 Boot
3638 1662 24 13 ha
3677 1656 72 18 Floats

3559 1691 6 12 ,
3565 1691 7 12 e
3578 1683 40 20 Told
3626 1682 25 18 he
3660 1678 81 20 wished.

3573 1709 60 24 ?ption,
3644 1708 20 17 to
3677 1710 34 18 say
3720 1703 34 19 tha

3576 1731 63 20 meted
3650 1729 103 20 narrative

3563 1766 8 18 r
3572 1766 8 18 x
3624 1754 5 30 ,
3581 1759 40 18 ents
3635 1754 111 22 extending

3561 1779 5 28 I
3572 1783 45 24 place
3625 1780 39 18 and
3673 1779 52 20 that,
3735 1780 17 17 to

3594 1802 2 21 '
3625 1804 84 20 tlinson.
3718 1802 35 19 Inn

3555 1838 31 14 tote
3594 1831 39 18 who
3641 1828 59 20 could
3709 1828 37 19 not

3565 1857 12 18 i
3583 1856 46 18 taelr
3638 1852 117 20 destinntiot

3576 1879 48 17 cited
3638 1881 117 19 persevernt

3568 1909 12 13 a
3587 1904 28 17 not
3624 1907 21 12 as
3656 1900 15 18 if
3680 1900 27 18 he
3716 1898 39 19 had

3559 1928 78 25 diligence
3645 1925 21 19 of
3679 1924 37 20 the
3724 1924 31 19 let

3562 1954 45 19 Imo,
3617 1957 39 12 was
3664 1949 91 24 brought

3563 1977 30 20 gat
3605 1975 92 22 evening.
3715 1974 39 18 Mr.

3569 2006 7 6 s
3586 1998 66 20 shoold
3667 1998 45 22 not,
3726 1997 26 18 he

3574 2027 24 17 int
3605 2024 19 18 of
3632 2022 35 20 the
3673 2023 59 21 great
3739 2026 15 13 e:

3563 2046 4 24 t
3570 2050 38 18 ft.it
3614 2047 34 20 the
3658 2046 97 19 voluinim

3567 2073 44 18 'gad
3622 2070 61 19 head
3696 2070 37 19 the

3575 2096 30 19 iiu
3612 2096 48 19 time
3670 2096 52 18 have
3730 2100 12 12 a

3579 2127 26 17 go.
3630 2119 52 19 Such
3704 2124 25 13 an
3752 2119 2 25 I

3574 2144 81 20 oerated
3677 2144 21 18 in
3720 2141 34 20 the

3569 2170 12 20 Id
3589 2170 70 22 rejoice
3670 2170 20 18 to
3698 2167 50 20 hear

3573 2200 21 13 in
3608 2200 22 11 or
3644 2194 90 17 volumes
3749 2198 6 11 1

3578 2218 84 21 gtone's
3669 2218 52 15 most
3728 2220 27 13 wo

3592 2246 26 19 up
3640 2241 31 19 for
3685 2246 12 12 a
3715 2239 40 19 tim

3568 2274 8 12 I
3583 2268 20 17 in
3613 2265 57 19 order
3678 2267 22 18 to
3709 2264 46 19 nab

3562 2297 54 13 ions
3625 2290 52 22 duty
3683 2291 37 17 not
3729 2294 25 13 on

3566 2316 14 18 I
3591 2316 81 21 country
3685 2313 39 19 and
3742 2319 12 12 a

3565 2337 69 20 tseuld
3644 2337 22 19 he
3676 2336 53 21 read,
3736 2342 19 12 al

3563 2361 74 20 ibelaina,
3648 2366 50 12 were
3707 2360 47 18 foul]

3569 2391 13 13 e
3589 2385 57 21 again.
3673 2383 24 19 In
3704 2389 51 18 maix,

3576 2409 70 26 iptins
3657 2409 20 19 of
3685 2409 37 19 the
3730 2414 22 14 co

3570 2435 37 19 lhad
3615 2435 31 19 Dr.
3657 2435 98 24 Livingsto

3586 2461 18 17 in
3617 2460 113 22 preperving
3746 2465 8 12 c

3587 2484 7 18 I
3601 2484 57 20 them,
3667 2483 46 18 that
3723 2487 32 13 mo

3599 2507 33 19 .ed.
3657 2507 43 19 One
3713 2507 22 19 of
3750 2507 5 19 I

3609 2533 46 21 ight,
3665 2532 45 18 who
3719 2538 35 12 wai

3579 2561 15 18 4
3601 2556 58 18 which
3670 2556 35 17 the
3715 2556 33 17 lad

3575 2578 22 19 Is
3614 2578 135 22 audience)-1

3573 2602 15 17 id
3599 2602 17 18 of
3622 2602 53 18 itself
3684 2602 67 18 contai

3574 2624 43 20 the
3625 2624 38 20 had
3678 2626 52 19 been
3745 2631 9 13 e

3578 2650 100 20 ielueation
3687 2650 61 25 given

3583 2675 52 25 'nary
3651 2676 85 24 Society.

3580 2699 14 21 A,
3608 2700 65 18 enable
3683 2700 39 18 Mr.
3736 2701 19 17 L:

3578 2722 4 26 r
3585 2722 51 19 which
3644 2722 33 19 the
3686 2722 53 26 body
3749 2722 6 19 I

3576 2748 43 18 al-in
3627 2748 31 19 the
3666 2748 39 20 end
3722 2748 33 20 Oa

3575 2773 30 18 got
3612 2772 39 20 that
3659 2773 35 20 life
3709 2773 21 19 cf
3745 2776 9 17 (,

3574 2797 15 15 It
3601 2797 81 18 traveller
3703 2803 39 12 seas

3573 2817 21 19 id
3601 2820 35 18 that
3644 2820 24 22 by
3673 2820 35 18 the
3717 2820 35 18 wh

3573 2842 76 43 .:latteto
3652 2844 34 19 the
3693 2844 61 19 workt

3592 2867 48 19 sisom
3645 2868 39 19 had
3690 2869 51 18 been
3744 2875 11 12 s

3576 2889 15 19 do
3604 2890 41 25 duty
3661 2894 21 18 to
3699 2893 56 19 their

3579 2914 32 24 sgly
3618 2916 137 24 acknowledge

3606 2939 64 20 letters
3683 2941 21 19 in
3718 2942 37 18 Oa

3596 2969 8 19 ;
3613 2967 113 22 expressing
3736 2967 19 18 ta

3592 2993 11 13 it
3607 2989 31 19 the
3651 2992 104 24 Geogrdpli

3586 3017 37 13 ais,
3627 3015 41 17 lion
3689 3015 47 17 with

3580 3034 39 21 ter,
3627 3037 38 19 :Ma
3674 3038 27 18 all
3709 3044 46 17 gays

3583 3058 15 20 be
3608 3064 6 11 s
3619 3061 31 19 Sir
3663 3061 24 20 B.
3699 3061 56 20 Frets

3579 3086 34 24 pith
3617 3093 11 17 y
3637 3087 20 20 to
3666 3087 25 20 do
3699 3087 52 20 hone

3579 3110 1 26 I
3589 3115 80 21 memory
3696 3113 41 19 had

3579 3136 175 20 stri.(lovernmen

3579 3158 64 18 lulled
3656 3165 53 17 upon
3718 3159 37 19 Mr.

3579 3177 14 20 k
3606 3182 79 24 oociety,
3700 3185 22 17 to
3736 3189 19 14 re

3580 3209 6 15 I
3594 3211 38 14 foss
3651 3207 104 21 addressea

3580 3234 19 20 r
3607 3239 37 12 ~,,
3653 3235 90 22 caintry.
3752 3234 2 24 ,

3593 3261 11 11 I.
3619 3259 9 15 t,
3651 3257 37 17 the
3705 3257 50 19 taint

3581 3279 4 24 !
3601 3279 6 17 f
3618 3286 13 9 .r
3651 3285 60 18 Iany
3730 3286 25 12 ne

3581 3299 17 18 IC
3618 3306 89 19 ploparat
3710 3304 31 18 ion

3680 3333 11 12 a
3703 3328 52 24 path.

3582 3348 44 20 ri.el
3638 3351 86 26 brought
3737 3361 18 12 a

3582 3379 9 14 I
3599 3377 52 18 i:,tl,,
3659 3384 94 14 converse

3583 3400 54 18 fluke
3659 3400 77 20 believe

3583 3426 63 18 menet,
3660 3425 25 19 he
3706 3432 47 19 goes

3583 3449 21 20 ty
3613 3450 20 15 of
3641 3450 111 22 cannibals.

3583 3470 50 21 Lbore
3643 3472 24 19 he
3678 3481 38 12 was
3726 3477 28 21 iO.

3588 3498 38 15 stes
3637 3497 67 26 slowly
3716 3506 18 13 a.
3742 3500 13 19 d

3617 3527 40 18 you,
3673 3524 50 19 that
3742 3524 13 19 t

3605 3546 94 25 i:vher,
3726 3555 11 9 At
3744 3548 11 18 li

3614 3569 18 18 If
3643 3576 35 13 eir
3691 3576 60 14 era,!

3725 3596 30 18 tht

3686 3620 33 18 ht
3731 3620 24 18 bo

3644 3644 20 18 I
3674 3644 39 19 h,ol
3730 3648 21 14 to

3643 3670 5 15 -
3666 3670 20 15 ot
3709 3670 35 15 tho

3644 3887 19 14 tv
3671 3887 4 15 :
3686 3887 34 15 the
3726 3887 4 15 n

3644 3902 0 0 l

3724 4317 30 22 1.1.,

3673 4351 48 13 'lbis
3731 4351 17 12 is

3659 4370 70 20 speuks
3744 4376 11 12 0

3648 4395 22 18 up
3678 4393 34 19 the
3722 4394 33 19 tic,

3654 4420 21 13 ten
3676 4420 7 13 ,
3683 4420 8 13 .

3648 4439 76 22 ',4ldc.ea
3731 4447 24 13 nc

3648 4461 52 21 gilder
3709 4465 21 20 of
3738 4465 17 20 ti

3650 4482 8 21 t
3658 4482 17 21 he
3684 4487 71 28 Tdanyta

3613 4572 13 37 0.
3626 4572 19 37 41,
3645 4572 7 37 1
3657 4584 17 18 itt
3681 4585 52 24 Peri%
3743 4596 11 13 a

3694 4564 19 19 rf

3725 4566 30 19 thE

3620 4791 5 44 e
3625 4791 5 44 t
3630 4791 9 44 Z:
3639 4791 11 44 .7
3650 4791 11 44 .,

3736 4835 19 18 th

3624 4841 63 26 12,!,,es
3693 4852 19 19 to
3719 4861 33 15 our

3619 4872 30 17 nir
3670 4876 30 22 Am

3625 4894 54 34 ,istul
3679 4894 35 34 epen
3715 4894 28 34 Tei

3698 4917 24 39 azi
3722 4917 8 39 2
3730 4917 25 39 ,ll

3706 4954 44 25 he%

3692 4976 34 22 the
3738 4987 8 17 i
3746 4987 8 17 t

3692 5006 63 28 Motley

3687 5027 43 24 Rive
3739 5035 15 18 ti

3656 5049 31 17 ace

587 5189 54 110 j:l4

3549 699 14 15 tt

3501 749 6 4 -
3560 746 27 14 tre

3559 791 17 17 st

3550 819 18 24 ers
3568 819 12 24 l2
3580 819 6 24 ,
3586 819 6 24 ,

3493 887 1 5 ,

3478 893 30 25 ft'

3506 965 5 39 s
3552 965 20 39 err
3572 965 7 39 '

3491 1049 6 13 s
3507 1058 6 7 ,

3553 1081 20 19 nd

3480 1136 39 27 fait,.
3547 1131 19 19 in

3561 1159 22 13 rai

3509 1222 5 22 e
3565 1232 8 13 ,

3513 1248 4 22 t
3556 1248 27 22 tid

3549 1349 15 17 Si

3478 1456 20 18 po
3498 1456 11 18 t

3549 1470 21 18 Sir

3559 1499 15 14 et

3576 1563 48 19 ished

3504 1698 6 13 8

3504 1724 6 11 c

3576 1734 35 18 netet

3502 1793 22 17 tai

3526 1838 4 14 .
3562 1838 24 14 ore

3569 1857 7 18 k
3583 1857 5 18 t

3579 1929 58 24 gence

3563 1954 39 19 lame

3586 2102 4 12 '

3503 2276 37 17 lair^

3503 2300 38 18 'env.

3516 2323 24 18 tha

3527 2353 14 11 711

3527 2400 6 12 r

3576 2435 4 19 I

3579 2513 20 13 In'

3534 2533 4 18 l
3569 2533 28 18 law

3535 2552 4 5 ,

3527 2574 17 21 th

3526 2603 22 15 la,

3594 2624 5 20 I

3536 2676 7 12 0
3543 2676 8 12 ,

669 573 138 22 BURNING
820 573 39 22 OF
873 574 19 20 A
907 572 175 22 SHIP.-LOSS
1096 572 37 22 OF
1147 572 58 22 ALL

886 600 107 21 HANDS.

678 633 18 17 A
702 631 81 18 terrible
793 631 93 24 calamity
895 631 17 18 is
921 631 93 24 reported
1028 631 26 22 by
1062 631 37 18 the
1107 630 48 18 New
1166 630 51 18 York
1215 630 1 25 ,

656 660 70 18 papers
733 656 21 17 of
768 656 33 15 the
820 656 53 19 letth,
892 660 20 11 on
931 654 77 21 having
1023 656 63 17 taken
1102 654 57 21 place
1170 658 46 12 near

656 678 110 19 Riverhead
775 683 12 12 a
795 678 38 18 few
842 678 48 22 days
905 677 69 19 before
983 677 35 19 the
1029 679 85 15 steamer
1129 676 87 19 Holsatia
1215 676 1 25 ,

654 703 43 18 left.
723 703 17 18 A
749 702 73 24 sailing
831 700 71 22 vessel,
912 702 58 19 ladvn
980 700 48 20 with
1038 700 53 21 lime,
1101 706 39 12 was
1149 700 67 19 driven

654 728 70 19 ashore
733 726 20 19 in
763 732 12 13 a
783 726 45 24 gale
846 726 20 18 of
880 726 58 20 wind,
957 726 46 21 and,
1017 726 35 19 the
1071 731 32 13 sea
1121 725 96 22 breaking

654 757 45 13 over
707 751 22 21 it,
741 751 34 18 the
782 751 47 18 lime
839 750 76 24 might
928 750 41 19 fire.
994 750 44 19 The
1048 750 44 22 ship
1101 755 39 12 was
1150 749 66 21 burnt,

654 775 39 17 and
703 775 35 17 the
748 780 50 12 crew
807 778 33 13 are
849 774 92 18 believed
951 776 19 15 to
979 774 51 18 have
1041 772 71 19 shared
1120 772 35 19 the
1165 777 52 13 same

656 798 47 18 fate.

673 853 60 21 THE
748 852 102 27 QUEEN
865 853 39 20 AT
918 852 118 21 NETLEY
1052 850 154 22 HOSPITAL.

677 883 18 18 A.
711 883 168 21 sergeant-major
895 883 69 18 writes
980 883 21 17 in
1023 883 102 17 reference
1144 885 21 14 to
1183 881 34 18 the

654 908 69 15 reeent
739 906 64 22 Royal
817 906 48 17 visit
882 907 22 17 to
920 905 24 18 th
974 905 103 18 Ashantee
1093 904 86 19 invalids
1199 906 19 15 at

656 930 72 25 Netley
744 928 144 26 Hospital:'
895 928 43 19 Her
956 928 87 24 Majesty
1062 928 81 19 chatted
1157 933 12 13 a
1182 927 35 18 few

654 956 87 19 minutes
759 954 48 19 with
821 960 38 14 me,
878 953 40 20 and
935 953 61 19 asked
1006 953 26 19 all
1042 953 63 19 about
1114 959 38 13 me.
1176 952 41 19 The

654 980 69 18 doctor
730 979 44 19 told
782 979 37 18 her
827 979 9 18 I
853 978 40 19 had
906 979 51 18 been
974 978 89 22 through
1077 977 37 20 the
1128 977 91 19 Crimean

654 1004 39 18 and
703 1003 73 18 Indian
784 1003 124 24 campaigns,
921 1003 40 18 and
974 1007 26 13 on
1016 1002 85 24 hearing
1115 1007 33 18 my
1166 1003 53 21 story

656 1028 34 19 her
699 1026 87 25 Majesty
796 1026 58 19 burst
868 1026 44 19 into
925 1029 59 17 tears.
1011 1025 39 18 She
1064 1024 117 19 introduced
1192 1029 26 13 Luc

654 1052 21 18 to
683 1051 37 19 her
729 1052 98 22 youngest
836 1054 37 15 son
882 1050 39 19 and
937 1050 106 24 daughter.
1058 1049 39 19 and
1109 1050 48 22 they
1170 1054 48 13 were

654 1076 85 19 affected
755 1082 20 12 as
793 1075 60 19 much
870 1081 21 13 as
909 1075 35 19 she
960 1080 46 13 was.
1031 1074 44 18 The
1093 1075 47 18 nest
1156 1072 39 25 day
1212 1072 7 19 I

656 1100 89 19 received
754 1100 51 19 from
814 1098 91 20 Osborne
913 1106 12 12 a
934 1104 48 19 copy
991 1098 21 19 of
1026 1098 87 19 'Leaves
1122 1098 51 18 from
1187 1097 32 24 My

656 1124 83 20 Journal
748 1124 20 19 in
776 1124 37 19 the
821 1123 130 24 Highlands,'
960 1122 48 19 with
1017 1122 41 19 this
1072 1121 112 25 autograph

656 1148 122 20 'Presented
794 1150 22 17 to
833 1147 175 25 Sergeant-Major
1016 1147 53 19 John
1080 1146 90 25 Barclay,
1185 1144 34 19 l2il

657 1173 143 24 Highlanders.
823 1170 163 25 l'lrrosiA,E.'"

657 1241 177 22 ATTEMPTED
854 1240 122 21 DOUBLE
996 1240 130 21 MURDER
1147 1240 34 21 IN
1202 1240 19 21 A

778 1269 145 20 RAILWAY
938 1267 163 21 CARRIAGE.

680 1302 17 19 A
718 1300 91 20 Brussels
830 1299 155 25 ccvrespondent
1003 1299 66 18 writes
1162 1298 59 19 lean

656 1326 51 17 from
716 1326 97 17 Fiorence
821 1326 65 17 states
893 1324 47 18 that
948 1328 27 13 on
990 1323 34 18 the
1033 1323 60 24 night
1102 1323 21 17 of
1131 1323 34 18 the
1179 1322 43 18 10th

656 1350 44 20 ult.,
709 1355 11 12 a
729 1348 73 19 fearful
820 1349 60 18 crime
896 1352 39 13 was
950 1346 116 19 committed
1080 1346 21 19 in
1114 1346 109 24 the:Turin

656 1374 81 25 railway
755 1372 59 22 train,
831 1372 91 19 between
939 1371 113 20 Alexandra
1062 1371 39 19 and
1115 1371 35 19 Fla
1159 1376 64 17 sance,

657 1406 48 13 neer
725 1398 106 20 Stradella.
865 1398 65 19 Three
944 1397 80 19 ruffians
1042 1397 44 18 who
1103 1402 50 14 were
1173 1397 20 18 in
1212 1403 11 12 a

658 1424 131 19 s..cond-class
807 1424 146 22 compartment
970 1421 104 20 contrived
1094 1422 74 22 during
1188 1421 34 19 the

658 1448 60 22 night
732 1450 21 15 to
768 1449 58 17 enter
834 1453 12 13 a
855 1447 105 18 first-class
969 1446 90 22 carriage
1071 1446 93 24 occupied
1173 1446 26 24 by
1213 1452 9 12 a

659 1472 104 19 tuerhant
771 1470 21 19 of
801 1470 63 19 Turin
873 1470 39 19 and
925 1470 35 19 the
973 1473 100 21 secretary
1082 1470 20 18 of
1111 1469 34 19 the
1159 1470 64 18 Count

660 1496 100 22 Mirallori,
769 1496 41 19 and
823 1496 76 25 having
908 1494 85 21 stabbed
1003 1495 63 20 them,
1075 1495 46 19 took
1135 1494 28 20 all
1172 1494 51 19 their

659 1528 70 19 money
738 1522 40 19 and
794 1521 105 25 jewellery,
909 1521 40 18 and
964 1520 131 24 disappeared
1104 1521 22 18 at
1134 1521 35 18 the
1179 1522 44 15 neat

659 1548 81 20 station,
755 1547 79 22 leaving
848 1546 53 19 their
915 1545 80 19 victims
1009 1545 98 24 perfectly
1116 1544 106 19 insensible

659 1572 39 17 sad
706 1571 73 22 fatally

725 1633 50 20 MR.
794 1633 85 20 ARCH
892 1633 39 20 AT
951 1632 208 20 NOTTINGHAM.

684 1667 26 18 At
718 1672 12 13 a
736 1665 90 22 meeting
831 1665 20 18 in
857 1664 35 19 the
899 1664 119 19 Mechanics'
1029 1663 52 22 Hall,
1087 1662 138 25 Nottingham,

660 1696 24 14 on
694 1690 92 25 Monday,
796 1690 21 18 in
827 1690 83 22 support
918 1689 21 19 of
951 1688 35 19 the
997 1687 115 19 locked-out
1124 1687 102 19 labourers

660 1715 20 19 in
702 1714 181 24 Cambridgeshire,
905 1713 37 19 Mr.
964 1711 74 26 Joseph
1061 1711 52 20 Arch
1129 1711 44 20 said
1192 1711 34 20 the

661 1740 73 25 bishop
743 1740 21 19 of
780 1737 128 20 Manchester
921 1737 32 20 hit
974 1737 35 20 the
1025 1737 56 24 right
1095 1737 41 19 nail
1149 1742 26 13 on
1188 1737 35 19 tea

661 1765 52 19 head
722 1763 58 20 when
788 1763 26 19 he
822 1762 79 20 showed
911 1763 46 18 that
965 1768 54 13 some
1028 1762 21 18 of
1063 1761 35 19 the
1107 1761 118 24 aristocracy

660 1789 59 22 spent
728 1795 21 12 as
759 1788 59 19 much
827 1788 21 18 in
855 1793 26 13 an
891 1787 86 22 evening
986 1787 21 18 at
1016 1793 13 12 a
1036 1786 48 20 ball,
1094 1791 21 14 or
1123 1791 26 13 on
1156 1792 12 11 a
1175 1786 51 24 high

660 1813 94 25 stepping
771 1813 64 21 horse,
849 1818 22 13 as
886 1811 50 25 they
952 1809 64 20 would
1030 1809 26 20 do
1069 1815 26 13 on
1109 1815 12 13 a
1136 1811 37 18 300
1182 1815 44 13 acre

661 1839 57 18 farm.
743 1838 100 24 (Cheers.)
869 1837 32 19 He
915 1835 43 20 said
976 1835 41 20 also
1036 1835 45 20 that
1095 1835 76 24 capital
1187 1841 39 13 was

661 1864 34 18 the
703 1863 98 22 offspring
809 1861 20 19 of
843 1861 76 20 labour,
930 1861 39 18 and
984 1861 58 17 when
1050 1860 37 18 the
1094 1859 54 19 child
1159 1860 65 21 bogan

661 1891 21 13 to
690 1886 91 21 strangle
789 1886 35 17 the
833 1886 79 21 parent,
920 1885 18 17 it
946 1890 40 11 was
996 1886 40 18 not,
1046 1884 20 17 in
1076 1883 31 18 his
1119 1883 87 24 opinion,
1213 1889 12 12 a

663 1915 46 19 very
717 1909 52 25 good
784 1909 45 25 sign
842 1907 21 19 of
876 1907 35 19 the
925 1907 83 25 present
1023 1907 53 19 state
1089 1906 21 18 of
1126 1907 66 18 affairs
1205 1907 21 18 in

661 1935 40 20 this
716 1935 90 25 country.
831 1933 31 19 He
879 1933 81 25 warmly
976 1931 109 27 supported
1093 1931 35 20 the
1137 1938 46 13 mu
1196 1937 12 13 o

663 1959 67 19 strike.
755 1959 44 19 The
816 1959 89 22 meeting
918 1964 40 12 was
977 1964 46 17 very
1041 1957 138 21 enthusiastic,
1188 1957 38 18 and

663 1984 117 19 resolutions
796 1989 51 12 were
867 1982 72 24 passed
960 1982 148 24 sympathising
1126 1981 47 18 with
1192 1982 34 17 the

663 2008 67 22 strike,
739 2007 40 19 anl
796 2007 21 19 in
834 2006 98 25 advocacy
950 2006 20 19 of
987 2006 35 19 the
1041 2006 103 19 extension
1157 2006 21 19 of
1192 2006 34 18 the

663 2034 73 24 county
744 2031 5 26 1
754 2031 98 19 ranchise.

664 2106 59 20 THE
737 2104 157 22 ROMANTIC
915 2102 122 21 DoUBLE
1057 2102 120 20 SUICIDE
1192 2102 33 20 IN

896 2130 96 21 PARIS.

1230 2160 1 4 ,

687 2164 66 19 xelati
768 2169 12 15 e
788 2165 21 18 to
817 2163 35 20 the
867 2161 98 20 romantic
973 2161 73 20 double
1055 2160 74 20 suicide
1136 2160 20 19 in
1166 2160 52 20 Paris
1218 2160 11 20 ,
1230 2160 1 24 ,

664 2189 34 19 the
706 2189 69 19 bodies
783 2187 51 19 have
843 2187 50 19 been
902 2187 104 19 identified
1016 2193 20 12 ..s
1042 2186 58 19 those
1108 2186 21 18 of
1142 2185 38 19 Mr.
1189 2185 40 19 and

665 2213 46 17 Mrs.
728 2212 81 18 Charles
824 2212 54 20 Hall,
887 2212 21 17 of
922 2211 59 18 Bath.
1007 2210 43 18 The
1057 2215 67 19 yiung
1134 2215 46 12 man
1191 2213 39 13 was

664 2237 31 17 for
716 2237 24 17 10
754 2242 58 18 years
833 2235 53 18 clerk
907 2235 21 18 in
950 2233 35 19 the
1002 2233 142 19 Westminster
1166 2233 64 20 Bank,

665 2259 89 24 London,
770 2261 37 18 but
820 2259 97 19 returned
931 2261 21 18 to
967 2258 53 20 Bath
1044 2259 24 18 18
1089 2257 80 20 months
1186 2263 43 18 ago,

664 2287 65 22 owing
737 2287 21 18 to
774 2291 26 13 an
814 2285 91 19 accident
919 2285 22 18 to
959 2284 32 19 his
1006 2284 58 18 knee.
1090 2283 66 18 While
1166 2282 63 21 home,

664 2310 109 20 invalided,
781 2310 26 18 be
815 2309 35 18 fell
866 2310 21 17 in
906 2308 45 19 love
959 2308 56 21 with,
1024 2307 39 19 and
1077 2307 93 20 married,
1180 2307 51 18 Miss

667 2334 100 20 Elowarth,
776 2340 12 12 a
803 2331 115 19 musician's
926 2331 107 25 daughter,
1043 2331 64 18 whom
1122 2331 32 18 his
1162 2331 69 18 father

665 2357 39 19 had
713 2357 86 22 adopted
808 2354 5 26 .
820 2357 9 18 t
839 2357 28 17 six
876 2362 57 17 years
941 2356 20 17 of
973 2361 44 17 age.
1043 2355 39 18 She
1094 2360 39 12 was
1141 2354 51 18 then
1201 2356 28 14 .20.

665 2381 56 24 They
736 2382 52 17 went
807 2381 20 18 to
849 2379 125 21 Ilfracombe,
990 2378 65 19 North
1076 2378 77 21 Devon,
1166 2376 65 20 where

665 2406 48 25 they
723 2404 71 21 caused
802 2411 12 13 a
823 2405 56 24 great
889 2402 100 20 sensation
1003 2402 21 20 in
1035 2402 46 25 July
1091 2402 46 22 last,
1146 2402 27 25 by
1181 2401 50 20 both

665 2432 123 24 attempting
806 2428 168 20 seff.destruction
991 2430 22 18 at
1035 2428 53 19 their
1108 2428 61 21 hotel,
1192 2427 39 20 and

666 2456 61 24 coolly
736 2456 64 19 beanie
807 2461 9 15 .4.
826 2456 105 18 ,Irecticiis
938 2454 104 22 disposing
1050 2454 20 17 of
1078 2453 54 18 their
1140 2452 91 22 clothing

666 2479 39 18 and
815 2476 5 25 ,
829 2479 37 17 stal
878 2478 103 21 enclosing
996 2478 27 18 ..3
1038 2481 21 13 to
1068 2478 53 17 their
1136 2476 94 25 landlady

666 2504 30 18 for
705 2504 35 18 her
749 2507 54 13 extra
814 2502 77 19 trouble
899 2502 73 19 caused
981 2502 26 25 by
1013 2500 54 20 their
1075 2500 79 20 deaths.
1175 2500 56 25 They

666 2533 72 13 recover
738 2533 11 13 ,
754 2528 22 20 11,
791 2526 39 19 and
846 2528 53 19 after
918 2526 96 24 suffering
1028 2525 58 20 three
1100 2524 86 20 months'
1195 2526 24 18 im-

666 2552 129 22 prisonment,
804 2552 47 17 Hall
860 2550 97 18 returned
965 2552 21 15 to
994 2551 32 15 his
1036 2550 57 20 wife;
1107 2549 52 20 who,
1166 2550 21 17 in
1196 2550 34 17 the

667 2575 112 20 meantime,
789 2574 40 18 had
837 2574 60 24 given
912 2572 56 19 birth
976 2575 21 17 to
1013 2578 13 13 a
1035 2572 44 24 boy,
1089 2578 44 12 now
1140 2574 22 17 at
1173 2572 58 18 Bath.

669 2598 32 18 Six
710 2598 64 18 weeks
783 2603 37 15 ace
836 2598 37 17 the
882 2597 44 17 wife
935 2598 53 15 went
1009 2598 21 15 to
1043 2596 89 20 London,
1141 2596 90 18 followed

667 2622 25 24 by
702 2622 34 19 her
746 2620 90 19 husband
846 2626 27 13 on
891 2620 99 25 Saturday
998 2620 57 18 week
1064 2619 46 19 last.
1135 2619 31 19 On
1176 2619 44 19 hear-

667 2647 35 24 ing
719 2646 20 20 of
750 2646 37 20 the
796 2644 56 20 Paris
868 2644 76 19 suicide
964 2644 34 19 the
1013 2644 76 19 friends
1103 2644 46 19 sent
1162 2644 69 24 photo..

667 2670 80 26 graphs,
762 2670 40 19 and
822 2670 90 19 received
930 2670 109 22 telegrams
1051 2669 46 18 that
1111 2669 35 18 the
1165 2669 66 19 bodies

669 2696 50 18 have
726 2696 51 18 bsen
787 2695 51 21 fully
847 2694 110 18 identified.

669 2766 177 21 ATTEMPTED
867 2764 130 22 MURDER
1017 2763 63 21 AND
1103 2761 129 22 SUICIDE.

691 2799 27 15 At
736 2797 130 22 Warrington
880 2802 13 12 a
913 2796 38 18 few
972 2796 51 22 days
1044 2796 61 18 since,
1122 2800 12 12 a
1148 2794 85 17 butcher

667 2820 72 19 named
749 2820 57 18 Lowe
821 2819 115 24 attempted
951 2820 21 17 to
990 2818 79 18 boarder
1088 2818 31 17 his
1131 2817 52 20 wife,
1193 2816 40 19 and

669 2844 116 19 afterwards
794 2842 116 21 committed
918 2842 76 20 suicide
1000 2842 25 24 by
1032 2841 80 24 cutting
1119 2841 32 19 his
1159 2839 74 20 throat.

670 2869 57 19 Lowe
735 2868 40 20 and
791 2868 32 19 his
831 2867 46 19 wife
892 2867 40 19 had
950 2869 35 17 not
1002 2865 53 19 lived
1072 2865 132 21 comfortably
1212 2864 22 18 of

669 2893 47 19 late.
739 2893 32 19 On
781 2891 78 19 various
867 2891 100 19 occasions
977 2891 58 17 Lowe
1044 2889 39 18 had
1093 2889 100 17 assaulted
1202 2888 32 18 his

670 2916 44 18 wife
730 2916 22 18 in
769 2921 12 12 a
797 2914 69 19 brutal
883 2919 90 13 manner.
1000 2913 65 18 .11,,ut
1074 2908 72 22 twAve
1153 2911 81 17 months

670 2946 37 18 ago
723 2939 26 20 be
765 2939 61 19 broke
834 2944 12 13 a
856 2943 97 19 =aneeran
972 2943 24 12 oo
1016 2936 37 19 her
1064 2935 58 22 bead,
1130 2935 31 19 for
1170 2934 64 20 which

670 2969 83 20 ..ztragc
762 2963 25 20 ho
795 2970 40 13 was
844 2966 45 18 cent
899 2965 20 18 to
928 2962 67 25 prison
1003 2961 33 20 for
1043 2961 31 19 six
1088 2960 81 20 months
1176 2959 4 31 ;
1195 2959 39 20 and

676 2994 11 14 t;
699 2992 35 17 the
743 2991 50 18 time
801 2989 20 19 of
836 2989 32 18 hie
885 2988 61 18 latest
956 2987 110 18 exhibition
1075 2986 19 19 of
1103 2985 97 24 brutality
1209 2985 26 19 he

735 3014 63 18 rder
821 3013 151 19 refognbanees
997 3013 21 19 to
1018 3013 11 19 .
1044 3011 50 21 keep
1114 3009 37 18 the
1175 3015 60 15 peace

687 3035 67 19 ,a1..1s
768 3035 33 19 his
813 3035 53 18 wife.
900 3035 18 17 It
932 3033 99 24 apperored
1049 3033 46 17 that
1114 3037 26 13 on
1157 3033 69 17 resturn-

671 3067 33 17 lio::
729 3060 59 19 home
820 3059 59 18 about
905 3058 71 18 eleto-n
1004 3057 74 18 o'elook
1107 3061 26 13 on
1162 3056 73 25 Friday

672 3087 37 18 n-,,st
726 3086 54 19 week
801 3085 26 18 he
844 3083 61 20 found
926 3083 45 20 that
990 3081 32 20 his
1042 3081 46 19 wife
1101 3087 39 13 was
1159 3081 34 19 not
1208 3081 27 21 in,

684 3111 27 18 nd
733 3111 26 18 he
781 3111 46 18 sent
846 3109 34 19 his
899 3107 102 25 daughter
1020 3107 21 19 is
1063 3107 69 19 search
1153 3106 20 19 of
1193 3106 43 19 her.

677 3136 37 17 rhe
735 3130 32 24 air
777 3130 11 24 7
798 3130 41 24 went
859 3135 22 15 to
901 3133 37 17 the
958 3133 61 15 house
1041 3131 20 17 of
1085 3131 34 18 her
1141 3130 96 18 mother's

673 3152 79 22 ',other
775 3157 21 15 in
814 3162 13 11 a
841 3157 57 15 erne
914 3156 20 17 in
951 3159 13 12 a
980 3154 35 18 low
1029 3156 46 20 part
1089 3154 20 18 of
1124 3152 35 19 the
1176 3155 60 18 town,

672 3180 9 19 t
681 3180 9 19 ,
691 3180 20 19 ni
729 3178 34 20 she
781 3185 39 13 was
836 3178 91 19 followed
944 3177 27 24 by
987 3177 63 18 Lowe.
1076 3177 31 18 An
1120 3176 117 18 altercation

672 3206 46 19 took
736 3206 54 25 plae,
806 3206 21 18 at
843 3203 43 20 !los
900 3203 61 19 house
976 3202 89 19 between
1081 3201 56 20 Lowe
1152 3200 40 21 and
1205 3200 33 21 his

673 3231 50 20 wife,
741 3230 39 19 and
794 3229 35 19 the
843 3230 40 18 two
892 3234 52 13 were
952 3227 83 20 ordered
1043 3229 41 17 out.
1109 3227 43 19 The
1160 3233 77 13 woman

660 3252 1 24 '
673 3261 39 12 was
722 3255 60 17 about
789 3254 89 21 leaving,
883 3253 56 18 when
952 3254 56 17 Lowe
1016 3252 61 19 threw
1085 3252 31 18 his
1126 3257 41 12 arm
1174 3252 64 18 round

672 3278 37 18 her
716 3278 58 19 neck,
781 3276 53 18 drew
843 3282 12 12 a
865 3276 54 21 clasp
928 3275 61 20 knife,
998 3275 40 17 and
1043 3274 90 22 plunged
1137 3274 35 18 the
1179 3274 59 18 blade

673 3301 43 17 iron
743 3306 22 12 er
778 3299 74 21 throat,
861 3300 33 15 di.:
900 3299 51 19 wino
960 3298 17 18 it
986 3298 59 21 alone
1056 3298 61 18 about
1127 3296 28 19 sin
1162 3296 76 19 inches.

696 3331 26 13 IA.
738 3324 72 19 Lowe's
819 3322 21 21 br
840 3322 11 21 ,
850 3322 21 21 th
872 3322 11 21 ,
882 3322 24 21 r,
921 3322 43 19 Ken
969 3322 71 22 wright
1067 3328 12 18 y
1088 3327 65 15 name,
1166 3320 72 20 rushed

703 3350 35 19 the
745 3356 74 15 r..eue,
829 3348 57 20 when
895 3351 8 17 t
907 3348 24 19 h..
940 3348 64 19 would
1012 3347 25 20 be
1045 3347 102 20 miinierer
1153 3346 85 20 stabbed

661 3372 1 24 ,
674 3376 40 19 him
723 3376 20 19 in
751 3374 37 19 the
795 3374 51 19 hack
855 3374 39 18 and
911 3374 47 18 side.
989 3374 17 17 A
1013 3373 111 22 policeman
1133 3372 105 24 happened

674 3402 20 15 to
703 3400 26 18 be
737 3400 20 17 at
767 3398 60 20 hand,
843 3398 39 18 and
896 3404 25 12 in
937 3397 84 24 hearing
1029 3397 53 17 what
1097 3396 40 19 had
1146 3396 92 19 occurred

674 3424 24 18 he
709 3424 51 18 went
768 3423 20 17 in
794 3422 77 25 pursuit
879 3422 20 18 of
912 3422 59 20 Lowe,
977 3420 39 19 and
1024 3420 47 19 fo'lo
1075 3420 39 18 wed
1123 3420 43 18 him
1173 3420 65 18 home.

677 3449 21 17 to
707 3446 34 19 the
751 3446 107 19 meantiue
868 3446 57 18 Lowe
932 3445 39 19 bad
978 3444 74 19 rilihed
1062 3445 86 22 upstairs
1156 3444 39 19 and
1205 3445 33 17 cut

674 3472 31 18 his
713 3477 43 13 own
770 3471 73 18 throat.
875 3470 31 18 He
920 3475 57 13 cams
990 3469 57 18 down
1062 3469 19 17 in
1097 3469 50 18 time
1155 3471 9 15 t
1186 3470 53 17 meet

685 3495 151 24 h.yeliceman
853 3496 21 15 at
892 3494 35 18 the
944 3493 53 19 door.
1016 3493 34 19 but
1069 3493 25 18 be
1110 3491 46 20 died
1175 3498 12 12 a
1200 3491 38 20 few

677 3521 85 17 mioutes
775 3519 123 19 aftorwaras.
931 3519 15 18 A
958 3516 83 19 melical
1055 3522 46 13 man
1109 3522 40 13 was
1157 3522 47 13 soon
1218 3516 21 19 in

676 3544 118 19 attendance
803 3548 52 18 upon
866 3543 47 17 Mrs.
924 3542 64 20 Lowe,
1002 3541 39 18 ond
1049 3541 17 18 it
1075 3546 39 12 was
1122 3540 63 19 found
1193 3541 46 18 that

677 3568 77 18 noithor
762 3567 34 18 the
806 3568 80 21 jugular
892 3566 46 18 vein
947 3570 35 13 nor
990 3565 35 19 the
1036 3563 97 25 windpipe
1140 3563 40 19 had
1189 3565 50 19 been

676 3592 86 21 severed,
775 3591 38 19 but
826 3591 34 19 she
870 3589 86 19 remains
966 3589 21 19 in
996 3595 13 12 a
1017 3594 47 20 very
1074 3588 112 25 precarious
1194 3593 45 14 eon.

1297 562 241 24 XTRAORDINAST
1560 561 112 22 WAGER
1684 560 43 22 BY
1740 561 21 20 A

1434 589 174 21 NOBLEMAN.

1261 622 43 18 The
1320 622 39 17 Sun
1376 627 46 17 says
1437 627 11 12 a
1465 620 76 19 certain
1554 625 48 18 very
1611 620 45 18 well
1669 620 73 18 known
1750 624 48 18 peer

1238 645 111 18 celebrated
1367 645 31 17 for
1413 644 31 18 his
1457 645 45 17 vast
1515 643 84 19 mineral
1611 643 111 25 properties
1734 643 22 18 in
1768 643 35 18 the

1238 669 90 18 Midland
1344 669 97 19 counties,
1459 667 35 18 has
1509 667 41 17 laid
1564 667 67 18 lOOO
1639 669 22 17 to
1672 667 28 18 .1
1714 665 45 19 that
1768 665 35 18 the

1238 692 71 19 Prince
1318 692 93 22 Imperial
1420 691 20 18 of
1454 691 76 18 France
1538 690 47 19 does
1594 693 35 15 not
1639 689 80 20 succeed
1734 691 21 17 to
1768 690 35 18 the

1238 717 71 19 throne
1317 717 20 18 of
1346 717 31 18 his
1387 716 72 20 father,
1468 715 40 19 and
1518 715 35 19 has
1563 715 61 19 taken
1632 715 35 19 the
1683 715 34 19 bet
1727 713 77 20 sixteen

1238 742 50 18 time
1312 746 21 13 so
1342 741 46 19 that
1401 741 15 19 if
1431 739 35 20 the
1478 739 138 24 Bonapartists
1625 739 71 19 should
1706 739 25 18 be
1739 739 20 18 in
1768 738 37 19 the

1238 765 109 18 ascendant
1356 765 71 17 within
1435 770 12 12 a
1456 770 21 12 re
1483 763 87 18 .onable
1580 764 56 20 time,
1649 763 35 19 the
1694 762 58 19 noble
1760 762 44 18 lord

1238 788 70 18 stands
1315 791 21 14 to
1344 789 41 17 lose
1394 788 97 20 10,000;
1504 787 40 19 and
1552 791 22 13 as
1583 787 26 18 he
1616 787 18 18 is
1643 787 46 24 only
1696 787 30 19 57,
1734 785 41 19 and
1783 785 21 18 in

1238 811 35 20 the
1283 811 115 25 enjoyment
1407 811 20 19 of
1435 811 97 19 excellent
1541 809 76 22 health,
1626 811 17 18 it
1652 810 17 19 is
1678 810 54 25 quite
1742 810 53 24 possi-

1239 836 32 20 ble
1287 837 26 19 he
1330 843 45 18 may
1390 837 35 24 yet
1439 836 40 18 live
1492 836 22 18 to
1527 841 34 13 see
1574 835 34 19 the
1625 835 71 19 Prince
1709 833 94 26 Imperial

1240 862 94 22 Emperor
1348 862 20 19 of
1381 862 35 18 the
1431 860 86 21 French,
1534 860 40 19 and
1590 860 35 19 the
1642 860 125 19 satisfaction
1785 857 20 19 of

1239 886 74 22 paying
1331 891 26 18 up
1375 886 31 17 his
1420 885 77 22 trilling
1509 889 72 17 wager.
1612 883 43 19 The
1669 883 64 19 editor
1748 883 57 19 adds,

1258 909 19 17 It
1292 908 72 18 should
1377 908 25 18 be
1415 907 137 18 remembered
1564 907 46 18 that
1623 912 26 13 no
1657 911 103 18 grown-up
1769 911 35 12 son

1240 932 18 18 of
1267 937 12 13 a
1289 932 48 24 king
1345 937 22 13 or
1375 935 91 20 emperor
1474 930 37 20 has
1520 932 32 17 sat
1566 935 26 13 on
1602 930 35 19 the
1645 930 78 19 French
1733 930 72 19 throne

1240 956 30 20 for
1277 958 38 18 300

1290 1012 61 20 THE
1375 1012 124 20 RETURN
1520 1011 39 20 OF
1578 1011 174 20 PROFESSOR

1447 1043 150 20 FAWCETT.

1264 1081 65 20 There
1337 1088 40 12 was
1391 1082 45 21 (the
1447 1082 58 18 Times
1514 1081 99 24 remarks)
1629 1080 72 19 almost
1714 1085 12 13 a
1734 1078 70 20 ntiani

1241 1106 79 26 mitrof
1329 1108 65 21 regret
1406 1106 57 19 when
1475 1106 37 19 Mr.
1522 1106 89 19 Fawcett
1624 1110 40 13 was
1678 1104 87 22 rejected
1782 1106 17 21 1.3
1799 1106 6 21 ,

1241 1131 34 18 the
1287 1131 93 22 majority
1390 1130 20 19 of
1431 1130 35 19 the
1482 1129 83 19 electors
1581 1129 20 18 of
1619 1128 98 25 Brighton
1735 1130 21 15 at
1772 1128 34 19 the

1241 1155 81 24 general
1331 1155 91 20 election,
1431 1154 40 19 and
1481 1160 28 12 we
1518 1159 34 13 are
1561 1153 87 19 inclined
1662 1155 21 17 to
1691 1153 59 19 think
1761 1152 44 19 that

1240 1179 37 18 the
1285 1179 117 24 impression
1411 1178 20 19 of
1446 1178 35 19 the
1494 1178 40 19 loss
1543 1176 116 20 occasioned
1670 1176 26 24 by
1704 1176 37 19 Mr.
1753 1176 41 19 Faw-

1241 1204 59 18 cett's
1322 1202 84 19 absence
1426 1202 37 18 has
1483 1201 103 24 deepened
1604 1201 54 18 since
1675 1201 35 18 the
1727 1200 80 24 general

1241 1227 92 19 election.
1358 1227 19 18 If
1387 1226 34 19 the
1429 1232 44 13 new
1481 1226 70 19 House
1563 1226 18 18 is
1589 1225 145 24 intellectually
1743 1224 65 19 richer

1241 1252 50 19 than
1300 1252 27 18 its
1336 1251 131 25 predecessor,
1478 1253 26 17 its
1512 1250 125 20 intellectual
1643 1256 65 19 power
1717 1250 17 19 is
1743 1251 35 18 not
1787 1250 21 19 of

1241 1283 12 12 a
1263 1281 46 19 very
1318 1277 65 18 active
1393 1276 53 19 kind.
1483 1276 43 19 The
1540 1276 94 24 majority
1644 1274 25 20 do
1682 1277 37 18 not
1729 1274 48 19 wish
1787 1276 21 18 to

1241 1300 26 20 do
1277 1300 104 25 anything,
1397 1300 40 19 and
1450 1300 35 19 the
1499 1300 97 22 minority
1603 1300 18 18 is
1633 1300 73 19 broken
1717 1299 20 18 in
1750 1299 58 24 spirit

1243 1325 40 18 and
1311 1325 21 18 in
1362 1325 115 18 resolution.
1514 1325 39 18 Mr.
1580 1325 106 17 lawcetes
1714 1329 94 18 presence

1244 1349 39 18 will
1307 1349 59 24 bring
1390 1354 25 13 an
1442 1348 89 19 infusion
1548 1348 20 18 of
1587 1348 93 24 strength
1703 1346 44 19 into
1773 1346 35 19 the

1243 1372 106 26 assembly.
1393 1372 40 20 But
1457 1372 15 19 it
1499 1372 18 19 is
1540 1372 37 19 not
1600 1372 74 25 merely
1700 1377 26 14 on
1750 1377 47 19 gene-

1244 1398 30 20 ral
1298 1398 87 25 grounds
1416 1398 46 20 that
1492 1398 33 19 his
1556 1400 70 19 return
1650 1397 41 20 will
1715 1398 25 19 he
1766 1397 33 19 wel-

1240 1422 1 26 -1
1244 1424 74 19 corned.
1344 1424 77 22 Special
1435 1424 103 22 questions
1550 1423 52 19 have
1613 1423 80 22 already
1710 1423 65 18 arisen
1789 1422 20 18 in

1244 1450 79 21 respect
1329 1448 20 18 of
1358 1448 63 18 which
1431 1448 32 18 his
1469 1453 94 18 presence
1573 1453 39 12 was
1622 1447 84 18 desired.
1733 1447 77 22 During

1244 1472 35 19 the
1289 1472 76 25 budget
1371 1472 83 19 debates
1462 1473 21 17 of
1492 1472 40 19 last
1541 1472 53 18 week
1604 1470 18 19 it
1630 1476 40 13 was
1678 1470 39 19 felt
1726 1470 45 19 that
1785 1470 26 19 he

1244 1496 65 25 ought
1317 1498 21 19 to
1346 1496 51 19 have
1404 1496 50 19 been
1463 1499 79 22 present
1550 1498 20 18 to
1577 1496 78 25 subject
1663 1496 38 19 the
1707 1494 104 26 proposals

1244 1522 21 18 of
1273 1522 35 19 the
1318 1522 117 19 Chancellor
1444 1522 21 18 of
1474 1522 37 19 the
1520 1522 118 22 Exchequer
1646 1522 21 17 to
1676 1526 26 13 an
1714 1520 85 24 indepen-

1244 1547 51 18 dent
1307 1547 93 18 criticise'
1415 1547 50 18 such
1479 1552 21 13 as
1513 1546 51 22 they
1577 1546 35 18 did
1624 1546 35 18 not
1674 1544 77 19 receive
1759 1546 32 15 fro
1798 1551 11 11 s

1246 1571 38 18 Mr.
1297 1571 117 18 Gladsione.
1440 1571 87 17 Finance
1544 1574 41 13 was
1600 1574 38 12 one
1654 1569 20 18 of
1687 1569 35 18 the
1731 1569 79 22 depart

1246 1596 66 15 meets
1320 1594 21 17 of
1355 1594 67 21 politic
1428 1594 14 15 il
1459 1593 85 21 activity
1559 1593 21 17 in
1596 1591 64 18 which
1672 1591 26 18 he
1714 1591 45 18 first
1768 1596 43 12 won

1245 1617 123 20 distinction,
1378 1616 39 19 and
1427 1617 17 18 it
1453 1616 41 18 still
1504 1616 92 24 presents
1604 1615 66 24 ample
1678 1620 58 18 scope
1743 1615 31 18 for
1781 1615 30 17 his

1246 1641 86 19 labours.
1358 1639 59 20 India
1426 1641 24 21 is,
1462 1641 98 19 however,
1574 1639 35 18 the
1620 1639 78 22 subject
1708 1639 65 18 which
1786 1638 25 18 be

1246 1665 37 19 has
1292 1665 57 19 made
1357 1664 32 19 his
1398 1671 50 14 own,
1457 1664 40 19 and
1506 1664 58 18 there
1577 1663 35 19 has
1628 1662 51 20 been
1693 1663 60 18 much
1761 1662 50 19 need

1246 1690 20 19 of
1276 1695 27 13 an
1310 1689 135 20 examination
1459 1689 20 18 of
1492 1688 35 19 the
1540 1688 67 24 policy
1619 1687 87 25 pursued
1721 1687 22 19 in
1752 1687 50 19 refer-

1246 1720 50 13 ence
1303 1715 22 18 to
1333 1714 35 19 the
1377 1714 76 19 famine
1460 1714 26 24 by
1496 1719 12 13 a
1517 1713 58 19 critic
1583 1711 45 20 who
1636 1711 58 20 stood
1701 1711 53 20 aloof
1761 1713 50 18 from

1246 1739 37 19 the
1292 1740 46 24 past
1346 1744 21 13 as
1377 1739 44 19 well
1435 1744 22 13 as
1466 1737 52 20 from
1531 1737 37 20 the
1579 1737 83 24 present
1670 1737 141 19 Government.

1247 1763 102 21 Nowhere,
1368 1763 78 20 indeed,
1463 1768 40 13 was
1521 1763 39 18 Mr.
1578 1762 107 19 Fawcett's
1701 1761 70 19 defeat
1792 1762 19 17 at

1248 1788 98 22 Brighton
1361 1788 91 18 received
1468 1787 48 19 with
1533 1788 80 21 greater
1629 1786 78 24 dismay
1724 1786 50 18 than
1792 1786 19 17 in

1248 1813 73 22 India;
1335 1812 92 19 nowhere
1440 1811 40 19 will
1493 1811 32 19 his
1539 1811 85 20 election
1638 1809 26 26 by
1678 1809 97 26 Hackney
1788 1809 22 19 be

1248 1837 89 20 received
1344 1838 48 19 with
1401 1839 80 22 greater
1493 1835 138 20 acclamation.

1230 457 109 37 THE
1350 465 9 2 -
1377 452 295 41 EXAMINER,
1716 449 288 41 SATURDAY,
2046 448 113 37 MAY
2203 448 38 44 2,
2281 446 117 41 1874.
