3756 5386
103 585 423 38 TBOtTHSTAFmRE
535 581 122 24 MINERS.

220 643 54 20 MEE
280 640 53 19 riNG
348 637 70 20 NEAR
433 633 111 20 DUDLEY.

130 679 30 19 On
168 676 99 21 Thursday,
276 679 11 12 a
294 672 51 21 large
352 670 79 20 meeting
439 666 19 19 of
469 665 72 19 colliers
549 670 37 12 was
593 661 41 19 held
641 663 20 17 at

107 703 33 19 the
156 699 58 22 Royal
228 698 38 18 Oak
283 696 40 20 lee,
341 691 100 19 Woodside,
463 694 44 12 near
524 683 138 26 Dudley.—The

110 723 98 19 Caairman
224 726 9 9 a
242 718 72 17 eliner
314 716 61 19 briefly
384 712 66 22 opened
458 711 31 18 the
497 709 84 20 meeting,
591 707 35 17 and
634 711 19 12 ez-

110 743 72 25 pr,s,.l
190 742 27 18 hi-
255 744 45 12 it-lir.
315 739 18 15 at
343 737 24 17 th•
381 732 9 24 l
391 732 97 24 eo.l,eetof
500 737 11 11 a
519 730 60 18 Board
586 729 19 17 of
617 729 4 39 4

110 767 83 21 rilintion
201 763 53 18 bein,
260 763 11 15 I.
279 749 1 39 •
289 761 38 17 ni,.l
333 759 19 17 in
358 758 30 17 the.
393 751 187 22 ilistrict.—Mr.LeTi
586 749 79 20 Britain,

111 789 73 20 &Arid
193 788 35 17 min
260 785 34 15 '•,
306 785 26 15 el.
393 777 78 19 referrel
481 777 19 17 to
508 776 31 18 the
550 775 70 17 Various
633 772 25 17 Cif-

300 806 97 17 t
397 802 32 18 the
443 801 72 21 present
531 796 87 22 struggle,
632 794 33 18 and

113 833 73 22 pointid
195 836 32 13 out
234 831 32 15 the
273 829 47 17 stifle
327 827 39 18 sltie
384 824 69 18 colliers
462 822 33 18 had
504 824 20 14 to
531 819 78 20 contend
618 817 48 17 with.

113 855 31 19 Be
154 854 38 18 said
198 854 22 17 be
228 852 57 20 hoped
293 850 32 17 the
332 853 39 13 men
378 846 58 18 would
443 846 51 15 learn
501 848 12 12 a
521 843 58 17 lesson
585 842 47 17 from
637 839 32 17 the

115 879 41 20 past
163 875 35 17 and
207 874 78 21 present,
292 870 35 18 and
335 870 21 15 be
365 873 48 12 more
425 865 80 22 guarded
514 866 19 14 in
541 863 47 17 their
595 860 73 22 general

113 898 84 20 conduct.
228 895 28 17 He
265 891 100 21 counselled
374 891 48 17 them
430 891 20 14 to
458 887 21 18 be
488 883 109 21 thoroughly
604 887 53 15 organ-

115 921 45 21 ised,
169 919 34 19 and
211 918 40 19 well
260 914 84 20 establish
352 912 47 19 their
407 911 54 19 tuna,
469 909 30 18 for
507 913 31 12 use
547 912 17 13 in
573 905 31 19 the
612 905 33 21 day
652 902 19 19 of

116 945 93 20 difficulty.
243 941 30 17 Ho
286 938 90 22 hopefully
384 934 64 19 looked
455 931 78 20 forward
541 932 19 17 to
567 930 32 18 the
606 928 54 17 forma-

116 969 40 17 tion
163 966 19 17 of
194 971 11 12 a
213 964 59 18 Board
280 961 19 17 of
309 957 124 21 Conciliation,
442 954 58 19 which
507 952 59 19 would
573 951 53 19 settle
638 956 34 15 any

117 994 12 12 a
136 990 15 15 A
159 987 25 17 all
193 986 80 20 disputes
280 983 40 18 that
330 981 58 20 might
396 979 47 17 arise
451 978 79 17 between
540 974 89 20 employer
638 971 35 18 and

283 1003 71 24 gmler.ll
363 1002 67 20 feeling
437 999 19 17 of
469 998 31 18 the
508 1003 40 12 men
557 996 72 21 present
638 998 35 11 was

116 1035 19 15 th
146 1037 40 15 pass
195 1035 24 13 no
227 1028 97 19 resolution
332 1024 46 18 until
386 1023 50 18 after
443 1022 31 18 the
482 1018 78 22 meeting
567 1017 19 18 of
599 1019 76 14 masters

118 1052 73 20 announc
191 1052 11 20 -
202 1052 21 20 id
230 1051 30 17 for
268 1048 79 22 Monday
357 1048 47 17 next.

215 1083 7 0 _

187 1094 117 22 MEETING
326 1093 32 18 AT
379 1089 53 20 THE
456 1088 47 19 LYE
527 1083 96 20 WASTE.

145 1130 17 15 A
174 1127 40 19 well
224 1124 84 20 attended
326 1123 79 19 mentirg
422 1120 19 18 of
455 1120 66 17 miners
537 1119 33 15 out
586 1120 24 13 en
622 1114 56 18 strike

123 1156 38 13 was
169 1149 41 18 held
217 1149 20 17 at
250 1148 31 18 the
295 1146 35 17 Old
341 1146 43 15 Cros
384 1146 11 15 ,
407 1142 39 17 lan,
461 1140 35 21 Lye
508 1140 71 18 Waste,
591 1142 22 11 on
626 1134 52 19 Wed.

124 1172 67 24 nesday
215 1167 119 26 night.—The
358 1165 98 19 Chairman
475 1160 67 21 having
557 1157 69 22 opened
648 1156 31 17 the

126 1198 87 20 riveting,
221 1193 38 19 Mr.
267 1192 43 19 Levi
321 1188 72 21 Britain
405 1186 38 19 said
459 1185 22 19 he
495 1189 38 13 was
543 1187 43 18 very
599 1185 51 21 sorry
660 1179 20 19 to

126 1220 38 18 Emil
180 1219 40 19 that
236 1218 31 17 the
283 1214 98 22 employers
397 1211 37 19 had
444 1208 63 19 driven
517 1207 31 18 the
560 1205 71 20 colliers
643 1205 39 17 into

126 1246 31 13 tee
169 1240 72 22 present
253 1239 76 17 contest.
352 1235 26 15 He
391 1239 35 12 was
436 1238 43 12 sure
488 1231 41 17 that
536 1233 87 13 everyone
635 1225 45 22 fully

128 1261 106 22 acquainted
247 1259 43 18 with
301 1258 31 17 the
344 1257 47 17 facts
402 1254 19 17 of
432 1254 31 17 the
476 1258 39 12 case
528 1246 58 21 would
598 1254 32 15 say
640 1248 43 17 that

128 1285 32 18 the
170 1284 76 17 masters
257 1285 46 12 were
315 1279 32 17 not
359 1276 100 19 warranted
470 1273 19 18 in
501 1272 66 20 taking
579 1271 30 18 the
620 1274 63 13 course

128 1307 43 20 they
182 1304 41 18 had.
255 1303 28 18 He
299 1300 33 18 felt
347 1298 57 24 proud
422 1298 20 17 to
458 1296 37 18 find
508 1294 39 18 that
560 1294 46 15 most
619 1291 19 18 of
652 1291 32 18 the

128 1329 60 21 Public
201 1329 111 19 newspapers
324 1322 34 18 had
370 1319 79 21 brought
459 1318 31 17 the
502 1318 67 17 matter
580 1315 61 18 before
653 1313 31 17 the

128 1350 61 22 public
200 1349 18 17 in
230 1348 24 18 its
266 1350 64 18 proper
340 1343 53 22 light,
406 1342 37 18 and
454 1341 35 18 had
497 1338 66 22 clearly
575 1337 61 18 shown
645 1335 40 19 that

130 1372 91 17 whatever
231 1369 58 21 might
302 1368 21 17 be
335 1367 38 17 said
385 1365 19 17 of
416 1364 32 17 the
459 1368 40 13 men
513 1362 18 17 M
541 1361 32 18 the
586 1361 45 20 mist,
643 1358 43 21 they

130 1400 46 13 were
182 1394 32 17 not
226 1394 19 17 to
255 1391 59 17 blame
326 1389 19 18 in
351 1388 31 19 the
393 1388 73 21 present
477 1385 87 17 instance.
587 1382 30 18 He
622 1380 64 18 should

130 1417 22 15 he
163 1421 52 17 sorry
226 1416 20 17 to
257 1420 30 15 my
299 1411 90 22 anything
399 1407 99 20 caleulated
511 1408 20 17 to
542 1407 60 17 create
613 1409 35 17 any

129 1439 69 20 feeling
202 1443 21 12 or
234 1436 35 18 bad
280 1433 107 24 impression
398 1433 19 18 in
429 1431 33 18 the
471 1429 60 19 minds
539 1428 20 18 of
568 1427 32 19 the
612 1427 77 18 masters

129 1461 21 20 of
168 1459 57 20 South
241 1456 129 21 Staffordshire
380 1454 37 18 and
431 1453 47 19 East
495 1449 157 20 Worcestershire,
670 1447 20 18 in

131 1485 33 18 the
176 1488 83 17 presence
267 1481 19 17 of
296 1480 31 17 the
339 1478 110 22 probability
457 1476 19 15 of
488 1480 11 12 a
508 1473 59 19 Board
573 1472 18 18 of
604 1470 86 18 Concilia-

133 1507 40 18 Von
180 1505 35 18 and
222 1505 14 17 .1
241 1502 94 18 rlaration
519 1492 4 33 ;
533 1495 34 18 and
573 1494 22 18 he
604 1492 87 22 sincerely

133 1528 58 22 hoped
201 1528 38 15 VIA
249 1531 47 12 ,01111`
306 1522 85 18 amicalilo
404 1520 124 20 arrangement
542 1518 58 17 would
612 1517 20 17 be
640 1520 50 12 come

135 1552 26 15 to.
169 1550 35 17 and
213 1550 30 15 the
252 1548 69 20 prc,ct
331 1544 84 20 ditlicalty
426 1541 77 19 brought
515 1543 20 14 to
549 1545 22 11 on
580 1539 39 17 end.
653 1538 38 15 Tha

136 1577 20 15 up
169 1572 41 15 afier
217 1570 43 15 then
269 1570 30 14 ref.
307 1573 20 9 re
335 1567 9 15 it
354 1567 18 15 to
381 1566 30 15 flu:
420 1565 33 17 riso
463 1564 18 14 in
489 1564 31 14 the
528 1563 46 20 price
583 1561 18 15 of
613 1559 39 17 coal
658 1559 33 17 and

136 1593 21 15 Oh
159 1599 8 8 a
176 1591 111 17 etindong
295 1590 77 14 irmili•to
381 1587 30 15 tio•
419 1591 17 11 nt
449 1590 17 11 a.
474 1583 57 18 which
536 1583 44 15 have
589 1583 46 14 been
646 1580 45 20 fully

137 1613 81 21 reported
228 1613 18 14 ill
254 1611 17 17 ti
270 1617 17 9 1.•
287 1603 5 32 ,
292 1617 12 9 .•
312 1609 85 17 1•0111.!10.
406 1607 34 14 soil
449 1605 79 17 :issertod
535 1604 40 17 that
583 1603 31 17 the
627 1603 65 15 miners

137 1636 37 18 hid
182 1642 14 9 ui
202 1637 9 14 it
221 1635 44 15 been
273 1632 40 22 paid
322 1631 46 17 thiiir
378 1631 11 15 l
389 1631 11 15 i
399 1631 12 15 e
419 1629 52 17 sh:i,
480 1628 19 15 of
509 1626 32 17 the
548 1625 64 22 profits
618 1622 73 19 realised

137 1661 22 20 by
169 1659 30 15 the
208 1658 79 17 masters.
318 1655 28 15 Its.
391 1657 40 14 Wars,
450 1651 22 17 he
493 1649 44 19 said,
553 1654 24 13 no
592 1645 102 19 reasonable

139 1681 67 21 ground
215 1681 27 15 for
250 1678 63 18 asking
321 1677 79 17 theiran
409 1677 19 13 to
441 1672 64 17 submit
513 1674 19 14 to
541 1677 9 11 a
559 1671 44 20 drop
613 1669 19 18 in
647 1668 47 18 their

139 1708 63 17 'rages,
211 1702 48 17 when
267 1701 39 17 coal
314 1697 79 21 wasooly
403 1695 74 19 rialmaal
487 1695 24 15 3s.
520 1698 32 17 per
559 1690 135 19 ton.—Thanks

141 1731 45 11 vii:re
194 1726 33 14 yeti
230 1723 14 17 al
253 1726 18 14 to
280 1722 30 17 the
322 1720 54 17 menss
389 1720 61 18 agents
465 1719 28 14 for
508 1716 32 17 the
554 1716 39 20 part
605 1714 43 17 they
659 1711 35 18 had

141 1748 54 18 taken
204 1747 17 15 in
234 1729 44 37 the
320 1729 14 37 ,
348 1729 58 37 Soil
423 1746 9 11 a
449 1740 46 20 hope
510 1742 35 11 was
561 1729 91 28 generally
666 1740 19 11 ex-

142 1769 71 22 presiol
221 1768 39 17 tied
276 1767 19 17 th
305 1756 1 35 •
320 1765 93 17 C.llll9tion
422 1761 19 17 of
452 1766 9 12 is
475 1759 57 18 Board
543 1759 19 15 of
578 1756 118 18 Conciliation

142 1792 34 18 and
185 1789 107 18 Aeliiotie
302 1786 56 19 would
366 1791 19 12 re
394 1788 14 17 ut
436 1788 13 13 n
461 1789 9 9 a
484 1780 78 19 removal
573 1780 20 17 of
606 1779 33 18 the
652 1779 45 17 dilfi.

143 1813 47 22 catty
198 1813 43 19 they
248 1815 39 12 now
294 1809 64 15 labour
363 1809 60 14 under.

165 1837 27 15 On
201 1833 92 20 Thursday
298 1831 57 19 night.
360 1837 9 9 a
376 1828 77 19 meeting
456 1826 44 18 took
502 1825 51 22 place
557 1825 19 17 at
580 1822 117 19 Blackheath,

144 1858 34 18 and
188 1858 13 17 it
208 1861 35 11 wag
252 1853 103 19 announced
364 1852 39 18 that
410 1851 32 17 tile
449 1854 40 12 men
498 1847 35 18 still
544 1845 77 19 adhered
627 1847 19 15 to
652 1845 45 18 their

143 1879 76 18 original
228 1884 11 11 n
247 1877 83 17 solution.
338 1876 30 15 laii
374 1874 43 20 they
425 1872 37 18 had
469 1870 100 18 confidence
581 1870 19 15 to
613 1869 32 15 Tao
659 1872 28 17 pro-

145 1902 53 21 posed
206 1899 58 18 Hoard
272 1899 15 17 sf
299 1896 124 19 Conciliation.

266 1951 112 19 MEETING
390 1949 30 19 AT
431 1945 152 21 DARLASTON.

170 1988 15 17 A
200 1988 48 20 large
255 1985 79 20 meeting,
350 1983 19 18 of
383 1982 66 17 miners
464 1985 35 11 was
515 1978 41 17 held
572 1982 24 12 on
607 1975 96 21 Thinalny

149 2009 79 24 eyellint!.
243 2008 19 17 in
275 2007 31 18 the
321 2007 119 20 Temperance
449 2002 48 19 Hall,
514 1998 158 19 Harlaston.—Mr.

149 2033 98 19 Bradloiry.
254 2030 39 15 who
300 2033 37 12 was
345 2027 52 18 voted
404 2028 19 14 to
436 2026 30 17 the
475 2023 56 19 chair,
539 2022 38 18 said
583 2022 22 17 he
614 2020 90 20 regretted

149 2055 31 17 the
189 2053 77 22 posit:on
274 2052 19 15 of
307 2050 64 15 affairs.
379 2049 32 17 bat
426 2053 20 11 as
455 2047 41 20 they
504 2046 37 15 had
553 2044 44 15 been
606 2043 59 15 driven
673 2043 31 15 oat

150 2076 43 21 they
202 2079 45 13 ton,
259 2076 37 17 -t•-y
306 2074 27 14 out
343 2072 47 17 nntil
394 2070 41 21 they
441 2074 45 11 were
490 2067 57 18 called
554 2067 24 15 in.
595 2063 109 22 (Applause.)

151 2098 28 17 He
197 2098 25 15 th,
230 2102 9 8 o
261 2102 25 4 •••
326 2094 28 15 '-I
374 2098 48 11 some
442 2092 18 15 of
471 2091 30 15 his
513 2088 113 21 experiences
639 2087 19 15 of
666 2086 40 20 past

152 2120 38 18 tteii
210 2130 12 6 -.
339 2115 60 15 'rite
407 2114 30 17 the
446 2113 48 18 great
504 2111 54 18 strike
573 2111 18 15 of
599 2108 50 17 15-12.
657 2108 50 17 when

152 2144 63 17 thee
221 2147 11 9 n
400 2144 6 7 ••
419 2138 11 14 t•
438 2141 7 9 r
459 2140 43 15 ~ave
514 2133 38 18 him
563 2133 25 15 Its,
596 2131 28 18 for
632 2131 20 20 5i
661 2131 46 20 days

152 2165 46 18 ',ark
231 2164 48 17 slit,:
335 2153 1 30 •
364 2153 1 30 r
393 2153 5 30 1
405 2160 22 14 (::,
446 2153 2 30 7
478 2157 25 18 tif
508 2156 89 18 hewished
601 2157 18 14 to
625 2153 83 17 continue

154 2190 20 14 At
187 2186 45 17 wok
246 2186 21 15 In.
313 2189 12 7 -•
341 2177 1 27 :
396 2177 2 27 ,
409 2177 1 27 •
484 2184 66 12 reernitt
560 2179 25 15 I,
593 2177 28 17 lid.
628 2181 35 17 per
667 2177 40 19 day,

155 2207 135 22 (Shame.)Speal
289 2207 11 22 ,
300 2207 32 22 in2
353 2198 2 32 :
489 2203 22 14 he
526 2200 37 15 mid
570 2200 40 15 that
624 2204 19 11 as
652 2198 58 15 Moses

155 2235 35 12 was
208 2231 39 14 s:nt
259 2229 22 20 by
363 2232 19 6 ,•
392 2220 1 28 .
407 2220 2 28 7
458 2220 1 28 :
488 2222 61 21 people
557 2222 31 14 ont
596 2220 19 14 of
624 2220 59 19 Egypt
691 2220 18 14 to

156 2251 56 18 releas
211 2251 9 18 ,
286 2249 45 17 fru,
379 2241 5 28 t
415 2252 8 8 .•
469 2242 119 19 muler.whieh
595 2242 44 20 they
646 2241 37 15 had
691 2245 19 9 so

259 2262 1 26 •
281 2274 11 14 ~
327 2262 2 26 .
351 2262 1 26 [
363 2262 1 26 •
389 2262 1 26 •
461 2269 9 17 !.
484 2268 61 15 Brown
560 2265 35 17 and
614 2264 31 17 the
658 2262 53 18 other

157 2303 25 11 art
193 2301 39 12 :••
402 2285 5 28 -
406 2297 9 9 It
455 2285 12 28 t-
468 2285 1 28 t
480 2289 54 18 Tinder
543 2288 39 17 God
594 2288 19 15 to
621 2287 51 19 bring
680 2285 30 17 the

476 2319 12 9 :.•
513 2313 45 14 from
583 2309 59 17 which
669 2308 41 20 they

157 2340 35 18 had
213 2347 18 8 s.:
250 2340 21 14 I,•
443 2341 7 14 ••
456 2335 52 20 Ho,:
517 2336 9 12 .1
559 2331 34 17 Mr.
612 2331 20 15 C.
650 2330 63 15 Carter

157 2363 54 21 spol,
280 2353 2 32 ,
308 2353 2 32 •
418 2353 1 32 :
475 2353 2 32 •
528 2355 18 15 of
565 2360 9 11 a
594 2353 119 18 Conciliation

158 2386 46 17 Boar
213 2386 9 14 1.
296 2374 1 28 ,
515 2376 78 21 ,:retting
619 2375 40 17 that
681 2374 31 18 the

159 2408 72 17 master-
244 2412 13 11 w
267 2405 1 20 •
279 2405 1 20 ,
291 2405 8 14 .1
311 2411 8 9 tt
334 2405 4 20 t
351 2405 1 20 I

423 2396 2 24 •
458 2405 25 13 1,
489 2406 32 11 oar
536 2405 48 15 upon
599 2396 113 18 arbitration.

161 2431 28 17 Ni
386 2418 4 30 •
411 2418 1 30 .
449 2418 1 30 •
502 2420 91 22 surprised
609 2421 19 15 to
638 2425 27 12 see
673 2418 40 18 that

162 2452 34 18 Mr.
381 2440 1 30 •
423 2451 13 6 ••
451 2440 1 30 ,
463 2440 1 30 •
471 2451 25 13 ..r,
510 2444 37 18 bad
554 2444 53 20 given
615 2441 18 17 in
643 2440 73 21 against

161 2474 31 17 the
201 2474 14 15 I(
275 2464 1 27 •
354 2464 1 27 •
398 2464 4 27 ,
495 2465 40 19 Hu*
550 2466 31 17 the
598 2465 38 18 rest
652 2464 19 17 of
684 2464 32 18 the

162 2496 66 19 work:,
239 2487 1 27 •
280 2487 2 27 ,
331 2496 18 13 '!
358 2487 1 27 •
443 2487 1 27 '
462 2487 1 27 •
487 2496 11 12 n
510 2490 35 17 Act
554 2487 35 18 bmi
596 2487 46 17 been
684 2491 33 17 per

163 2522 38 15 ton.
227 2519 18 15 11,
270 2525 14 7 •e
358 2509 1 28 •
393 2509 4 28 -
442 2509 1 28 •
490 2510 90 19 Iladstock
599 2509 72 18 district
685 2509 32 17 the

163 2544 39 14 cost
210 2541 64 17 would.
286 2545 22 9 no
314 2538 61 19 doubt,
384 2536 14 14 1.
398 2536 7 14 ,
474 2530 1 28 •
482 2530 4 28 •
496 2535 46 17 than
555 2533 19 15 in
586 2532 30 15 the
630 2536 58 12 seams
698 2530 19 18 of

163 2562 58 19 South
230 2561 135 18 Staffordshire.
391 2559 32 15 I:•,,
430 2556 65 18 -vi
503 2561 43 15 very
554 2555 57 20 justly
619 2555 98 15 too—were

164 2585 33 17 not
203 2583 73 18 allowed
285 2584 19 15 to
312 2581 53 20 work,
373 2581 31 17 mil
412 2588 11 5 •--
489 2577 48 18 went
546 2580 19 14 to
572 2575 60 19 school
640 2581 19 11 so
665 2580 53 15 many

165 2607 56 20 hours
228 2613 12 12 a
247 2604 54 19 week.
325 2603 51 19 Then
383 2603 43 17 eon.:
496 2607 21 12 or
530 2598 53 19 slides
599 2597 60 18 would
673 2596 46 18 hove

167 2633 21 17 to
194 2630 22 17 be
224 2631 32 21 put
266 2629 24 17 in.
299 2627 35 19 and
344 2627 50 18 ..xtra
459 2631 7 9 :•
482 2622 59 19 would
547 2622 46 18 have
608 2622 20 18 to
644 2620 21 19 be
679 2626 30 17 pro-

167 2653 58 19 vided.
234 2652 58 18 which
299 2650 65 18 would.
371 2649 20 17 of
474 2647 78 18 increase
566 2644 31 18 the
608 2644 39 17 cost
656 2643 19 17 of
690 2642 30 18 the

165 2674 35 24 pit.
222 2674 45 19 But,
274 2672 97 21 supposing
376 2670 31 17 the
417 2674 59 13 owner
488 2668 19 17 of
522 2672 37 17 any
576 2666 27 26 pit
621 2666 37 17 had
669 2666 53 20 spent

249 2694 65 20 during
326 2693 31 18 the
376 2692 35 18 hat
442 2696 7 11 c
449 2696 7 11 ,
456 2696 17 11 ar
491 2691 19 15 in
534 2692 85 17 carrying
637 2687 33 17 out
691 2686 31 17 the

169 2718 41 22 Act,
234 2718 21 18 he
278 2715 59 22 might
358 2715 33 17 not
417 2712 56 24 s:enel
503 2711 52 19 .2200
578 2709 18 17 in
619 2707 31 19 the
679 2708 44 17 next

169 2747 47 18 year.
240 2740 22 18 In
285 2739 41 18 that
347 2744 41 13 ease
410 2737 15 19 it
454 2741 35 11 was
516 2734 33 17 not
576 2731 37 20 fair
634 2731 21 19 to
677 2730 46 19 arbi:

169 2764 50 19 Irate
230 2770 24 11 on
265 2763 32 18 the
309 2761 70 21 £2,000.
404 2757 111 24 (Applause.)
536 2757 86 19 Further,
638 2754 43 21 they
694 2753 28 17 be:

170 2785 60 18 lieved
237 2785 41 15 that
286 2783 31 18 the
325 2783 98 20 employers
436 2780 58 15 w:ml.l
508 2779 30 20 get
546 2784 11 11 a
565 2777 46 21 good
625 2778 64 14 return
697 2776 27 15 for

172 2806 25 17 all
202 2806 32 15 the
240 2810 63 15 money
307 2803 43 21 they
358 2802 91 22 expended
455 2802 19 15 in
478 2799 84 21 carrying
579 2799 32 15 oat
622 2797 31 18 the
665 2796 60 18 Mines

172 2828 111 21 Regulation
293 2826 40 17 Act.
356 2824 38 18 The
400 2823 105 19 conductors
514 2820 58 18 would
576 2819 30 18 elf,
612 2820 37 15 eta
657 2818 69 21 saving,

174 2851 74 18 because
256 2849 31 18 the
295 2848 59 18 shafts
361 2846 59 18 would
430 2848 30 15 trot
469 2844 43 18 ',ea
521 2849 20 12 so
548 2848 54 17 many
611 2842 73 21 repairs,
691 2842 35 15 and

175 2872 53 19 much
242 2871 39 18 coal
300 2870 41 18 that
360 2869 78 19 without
456 2868 32 17 the
506 2865 107 19 conductors
632 2862 58 19 would
704 2862 22 18 be

176 2895 80 19 knocked
265 2894 39 19 into
312 2893 48 19 slack
369 2891 57 19 would
433 2890 22 18 be
462 2889 58 19 saved.
543 2887 110 24 (Applause.)
677 2885 50 22 They

176 2919 90 19 therefore
273 2917 57 22 really
338 2915 79 19 believed
430 2914 41 19 that
490 2914 18 18 is
526 2911 57 19 South
599 2911 21 18 St
626 2909 102 19 .ffordshire

176 2942 32 17 the
215 2943 38 15 cost
261 2941 19 15 of
288 2940 31 17 the
327 2940 34 17 Act
370 2937 59 18 would
446 2939 32 15 not
497 2936 44 17 take
559 2936 26 17 Is.
599 2940 32 15 per
643 2935 38 17 ton.
705 2933 22 17 (A

176 2962 51 17 voice
269 2961 38 18 Nor
373 2959 40 18 Aunt
423 2959 85 20 although
516 2959 35 15 Mr.
561 2956 64 17 Kettle
635 2955 35 17 had
677 2954 51 20 given

177 2985 18 15 in
204 2983 71 17 against
283 2982 31 17 the
324 2987 46 18 men,
384 2980 43 21 they
438 2979 35 18 had
488 2983 53 15 every
554 2976 102 18 confidence
666 2976 20 15 in
697 2975 28 17 his

178 3005 86 22 integrity
273 3005 35 18 and
327 3001 198 20 straightforwardness
544 3005 61 13 arms
625 2998 104 18 arbitrator.

178 3030 112 22 (Applause.)
313 3026 43 19 And
365 3026 13 18 it
386 3025 31 19 the
425 3025 99 22 employers
533 3022 58 19 would
599 3021 52 19 allow
665 3020 19 22 it,
698 3019 32 19 the

178 3059 40 11 men
227 3051 58 19 won1:1
293 3051 21 18 be
322 3050 69 21 trilling
397 3051 20 17 to
424 3048 50 18 leave
482 3047 31 18 the
521 3046 72 22 dispute
600 3046 19 18 to
627 3045 22 18 be
664 3044 66 19 settled

178 3076 24 20 by
210 3076 37 17 him
255 3080 20 11 no
283 3073 103 17 arbitrator.
410 3071 87 19 (Cheers.)
521 3070 39 17 lint
569 3069 14 17 if
592 3069 31 17 the
632 3067 98 21 employers

180 3096 58 18 would
247 3097 31 15 not
286 3096 57 17 resort
350 3096 20 15 to
377 3092 112 20 arbitration,
495 3092 21 17 he
524 3091 43 18 held
573 3090 41 18 that
624 3090 15 17 it
646 3089 58 17 would
710 3089 22 17 be

181 3118 47 18 their
236 3117 44 22 duty
287 3118 20 17 to
315 3116 32 18 fall
357 3116 18 18 in
384 3116 44 17 with
436 3120 11 12 a
455 3115 67 17 scheme
535 3112 31 18 for
583 3117 12 12 is
613 3109 120 20 Conediation

182 3141 65 19 Boer!.
256 3141 38 18 that
305 3139 43 21 they
354 3138 58 22 might
420 3139 28 20 try
457 3138 20 17 to
485 3137 30 22 get
524 3135 31 20 the
569 3135 83 21 question
669 3132 65 19 settled

182 3165 20 15 in
208 3164 32 17 the
247 3165 46 15 most
302 3163 35 17 fair
345 3161 37 19 and
390 3159 107 19 honomuble
507 3165 38 15 way
550 3157 83 22 possible.
646 3155 87 22 (Cheers.)

184 3187 21 15 In
214 3185 107 19 conclusion,
340 3184 24 17 he
385 3181 137 22 complimented
546 3181 32 17 the
599 3185 43 11 men
652 3184 25 11 on
687 3178 48 15 their

184 3207 45 22 goal
248 3207 102 17 behaviour.
365 3204 35 17 and
418 3203 58 21 hoped
495 3203 43 20 they
548 3201 59 18 would
619 3201 86 17 continuo
717 3201 19 15 to

221 3227 107 19 well.—Mr.
337 3227 21 18 T.
367 3227 51 17 Amos
428 3224 139 22 (Walnesbury)
587 3222 39 18 said
645 3221 24 18 he
684 3220 52 19 could

185 3253 31 17 not
236 3257 31 15 say
286 3250 39 18 how
339 3249 43 21 long
397 3249 31 17 tho
445 3249 72 21 present
534 3246 107 20 distressing,
658 3242 79 24 struggle

184 3280 37 12 was

230 3274 53 21 ,going
294 3274 20 17 to
320 3272 43 20 last,
371 3272 33 18 but
417 3272 13 17 if
443 3272 22 17 he
476 3275 47 12 were
535 3268 56 18 asked
604 3268 39 17 who
656 3272 46 13 were
712 3272 18 12 re-

184 3295 90 22 sponsible
287 3295 30 15 for
327 3295 20 15 it.
357 3294 22 17 he
391 3293 51 18 could
452 3292 32 18 tell
496 3292 56 17 them.
574 3291 39 17 The
620 3295 41 11 men
670 3288 70 17 desired

185 3324 59 14 peace,
253 3317 32 17 but
293 3315 43 21 they
344 3320 45 12 were
397 3315 32 15 not
436 3314 69 20 willing
515 3315 20 15 to
543 3312 52 18 make
604 3317 53 15 peace
670 3317 22 9 on
704 3315 35 15 any

187 3343 60 14 terms.
260 3338 38 18 The
306 3338 74 17 masters
390 3337 38 17 said
436 3337 31 17 the
475 3340 40 12 men
523 3334 50 17 must
580 3332 67 19 submit
656 3333 20 17 to
683 3338 11 11 a
698 3337 28 20 re-

187 3363 50 22 poml
244 3360 58 19 whidi
315 3360 31 18 the
357 3365 40 12 men
411 3357 104 20 c(disidi:red
528 3354 137 22 unreasonable,
672 3354 69 22 unjust,

189 3386 34 17 and
236 3385 92 18 dishonest
332 3383 155 22 —(cheersl—and
502 3380 47 19 until
561 3385 47 12 some
620 3378 46 24 good
678 3383 63 13 reason

188 3409 52 17 could
247 3409 22 15 be
278 3407 61 15 shown
346 3406 44 20 they
397 3405 58 17 wouta
463 3404 61 18 I.:Ake
534 3403 46 21 tight
592 3403 44 17 than
648 3400 66 18 submit
723 3402 20 15 to

189 3430 20 17 it.
234 3422 4 26 k
241 3429 78 17 Cheer,)
344 3428 45 15 Like
404 3428 31 15 the
449 3426 53 15 other
514 3425 89 20 speakers.
615 3423 22 17 be
652 3422 91 18 lamented

189 3451 40 17 that
239 3450 30 18 the
276 3449 99 21 employors
386 3454 45 11 were
444 3450 32 14 not
484 3445 104 18 favourable
601 3446 20 14 to
635 3443 107 18 arbitration

189 3480 20 12 as
216 3472 40 18 well
268 3478 20 12 as
295 3474 20 15 to
326 3469 124 21 conciliation;
464 3468 37 19 and
515 3468 45 19 with
573 3467 90 18 reference
678 3467 19 17 to
712 3465 31 17 the

189 3498 70 20 reports
270 3494 86 22 tonehing
372 3494 31 18 the
418 3494 45 18 high
478 3498 58 14 waees
552 3490 19 18 of
586 3490 72 17 miners.
671 3488 22 19 he
705 3488 39 18 said

190 3520 40 17 that
240 3519 57 17 where
309 3523 33 11 one
354 3522 41 12 user,,
410 3515 52 18 eould
474 3515 21 18 be
508 3514 56 18 lotted
578 3514 40 18 who
630 3513 35 17 had
678 3510 66 19 earned

191 3533 18 28 .t
217 3533 9 28 2
235 3533 26 28 per
273 3540 54 18 week,
335 3540 22 15 be
371 3539 59 15 would
442 3537 37 17 tied
491 3542 11 11 a
515 3535 81 18 hundred
612 3534 40 18 who
665 3533 37 18 had
713 3534 32 17 not

190 3563 45 17 been
243 3561 76 18 earning,
326 3561 44 18 Lb..
378 3559 58 18 which
444 3559 22 17 lie
475 3557 79 18 believed
567 3556 59 17 wonhl
633 3556 22 15 be
663 3554 57 18 found
726 3556 20 15 to

191 3585 22 18 be
221 3585 54 17 about
287 3583 31 17 the
326 3587 81 14 average.
431 3579 148 24 (Cheers.)—Mr.
587 3579 20 18 C.
617 3578 80 20 Gething
709 3576 39 17 said

193 3607 22 18 he
223 3612 35 12 IVIIS
268 3605 40 22 glml
318 3605 38 18 that
366 3605 50 18 there
424 3602 67 18 seemed
501 3608 11 12 a
519 3601 105 22 disposition
637 3606 21 12 on
667 3599 31 19 the
706 3600 43 21 part

194 3630 20 17 of
229 3634 47 11 some
293 3628 18 15 of
330 3627 30 17 the
376 3626 97 21 employers
489 3627 19 15 to
523 3625 46 17 fonts
586 3631 9 9 a
611 3624 60 17 Board
690 3622 59 15 where

196 3651 66 19 emplot
267 3656 27 9 ers
307 3650 34 15 and
358 3648 91 20 employ,..l
464 3646 58 20 might
534 3647 52 17 meet.
594 3645 35 17 and
644 3650 63 12 reason
718 3644 31 17 the

197 3673 66 15 matter
272 3672 28 14 out
308 3664 197 26 --(applause)—whA
511 3669 37 19 Mat
554 3672 37 11 was
596 3666 71 21 placing
672 3665 32 17 the
710 3670 39 11 men

226 3692 30 18 the
265 3691 74 21 positlon
348 3690 28 18 for
384 3690 58 17 which
457 3690 41 19 they
514 3689 34 15 ley!
563 3689 45 15 been
620 3683 65 25 asking
700 3686 30 17 for
742 3691 9 12 a

198 3716 43 20 long
249 3715 48 17 tin,.
333 3712 110 22 (Applan,..r
478 3711 17 17 It
503 3709 31 19 al
541 3712 39 14 not,
588 3709 18 18 of
615 3713 67 12 course.
691 3707 59 17 follow

200 3737 40 18 that
248 3743 11 12 a
267 3735 100 20 settlem.,:t
379 3735 57 17 oonid
444 3733 56 18 result
515 3732 46 17 from
578 3731 30 17 the
622 3729 97 19 formation
732 3729 18 18 of

196 3758 34 20 The
241 3759 58 18 Board
306 3751 5 28 ;
322 3758 32 18 hut
364 3758 14 17 it
391 3756 58 24 might
462 3756 22 18 do
496 3761 12 13 si
508 3761 7 13 t
522 3751 5 28 A
539 3755 41 19 and,
592 3756 19 15 at
624 3754 24 18 all
659 3755 69 17 events,
739 3751 14 19 it

202 3783 57 18 would
267 3782 53 20 bring
330 3783 74 15 toasters
412 3780 35 18 and
459 3784 40 12 men
515 3778 39 17 fcee
567 3778 20 15 to
601 3776 45 18 face.
661 3777 18 17 to
691 3781 63 12 reason

202 3806 85 17 to.,ther.
313 3803 27 18 (A;
350 3802 73 18 ::lam.e.)
446 3802 30 17 Ile
484 3801 43 17 then
534 3800 94 20 expressed
637 3798 28 17 his
673 3797 80 18 satisf,.

201 3827 39 18 turn
248 3827 38 15 that
306 3826 20 15 he
334 3824 56 17 hitter
397 3823 67 20 feeling
472 3822 19 18 of
506 3821 112 20 antagonism
632 3820 58 17 which
700 3820 19 15 in
731 3819 25 17 all

202 3848 80 24 previou.
301 3847 37 19 t-rk
350 3852 8 13 8
371 3846 35 18 hid
422 3846 47 17 after
482 3843 32 18 the
530 3846 37 14 irst
580 3847 34 13 one
621 3847 20 12 or
654 3842 37 17 two
698 3840 58 18 weeks

202 3878 58 17 sprung
260 3878 11 17 -
279 3876 21 15 up
309 3869 43 18 htw
357 3874 32 12 een
399 3869 74 15 masters
482 3866 37 19 and
534 3872 46 13 men,
593 3870 35 12 was
641 3866 31 15 not
685 3863 71 18 charac•

202 3894 71 18 teristie
280 3894 19 17 of
307 3893 37 18 this
353 3891 123 19 strike.—The
485 3896 12 11 r•
506 3888 87 18 solutions
606 3886 77 24 adoptal
696 3891 19 14 at
726 3885 31 19 the

204 3917 76 17 Walsall
288 3917 35 15 and
335 3915 69 15 Bilstoo
417 3913 89 20 meetings
517 3918 45 11 were
578 3911 43 18 then
632 3909 78 21 heartily
720 3914 37 11 ear.

206 3938 37 17 ried
249 3931 4 26 :
266 3938 30 15 the
305 3938 81 19 :peakers
396 3937 70 14 thereto
478 3934 54 17 beieg
547 3933 72 17 Alessi,.
633 3932 31 15 W.
678 3931 79 17 Fulford.

206 3958 30 17 W.
244 3958 57 18 L:,we.
311 3958 20 15 T.
339 3957 117 19 imeeinetoe.
467 3956 28 14 w.
504 3954 18 15 If
524 3953 30 19 isll,
562 3953 31 17 IV.
602 3952 81 19 Phillips,
692 3951 37 17 and
737 3951 21 15 E.

207 3978 150 22 night:l,l.--Th,
365 3977 52 18 usual
424 3976 148 21 complimeetary
580 3974 50 15 vett,
641 3971 80 21 brought
730 3971 30 18 the

208 4002 112 24 proceedings
330 4003 19 17 to
354 4006 24 13 an
385 3999 40 19 end.

288 4068 184 21 MOVEMENTS
496 4068 38 19 OF
560 4064 116 21 MINERS.

339 4108 38 11 rIIE
391 4107 143 12 LANARKSHIRE
547 4106 79 13 MINERS

213 4137 41 17 held
261 4143 11 11 a
280 4142 46 11 ma,s
339 4135 78 18 meeting,
431 4140 24 12 on
465 4133 100 21 Thursday.
575 4139 44 11 near
632 4133 90 19 Glasgow,
737 4133 27 14 at.
769 4131 1 22 I

215 4159 64 17 touded
321 4159 57 14 la.ooo
387 4162 45 9 us-n.
456 4156 19 15 It
496 4161 19 11 as
524 4154 73 18 decided
606 4154 31 17 the
645 4159 40 11 men
703 4153 64 17 should
769 4153 1 22 i

215 4180 52 17 resist
275 4185 34 14 any
315 4179 70 15 further
394 4178 92 15 reduetion
493 4176 45 15 than
553 4176 21 15 go
589 4179 32 17 per
637 4176 47 14 cent,
704 4172 19 18 of
735 4173 31 18 the

215 4200 77 18 original
300 4205 64 13 wa,to,
372 4198 34 18 :Ind
417 4198 17 17 in
443 4198 30 18 the
480 4198 53 17 event
540 4196 18 17 of
567 4201 11 12 a
589 4196 72 20 greater
674 4194 94 17 reduction

216 4222 76 18 insisted
299 4228 22 11 on
331 4222 21 21 hy
361 4221 30 17 the
399 4220 104 22 employers.
516 4218 41 20 that
566 4219 47 20 steps
621 4218 22 17 he
652 4218 53 17 taken
713 4217 19 15 to
741 4221 27 11 on.

217 4246 77 18 deavour
302 4248 19 13 bm
328 4244 53 20 bring
392 4244 31 17 the
430 4243 57 17 whole
498 4243 18 15 of
529 4241 31 17 the
574 4240 65 17 miners
652 4239 19 18 of
685 4238 84 19 Scotland

220 4270 30 15 out
259 4273 22 11 on
291 4266 61 17 strike.
371 4265 43 18 Also
422 4265 40 18 that
474 4270 11 13 a
493 4264 103 22 deputation
605 4261 71 18 shout
676 4261 41 17 wait
723 4266 46 15 upon

219 4290 31 18 the
259 4290 115 17 ironmaster=
380 4287 45 17 with
432 4287 31 15 the
476 4287 45 15 view
537 4286 19 17 of
575 4285 84 18 effecting
673 4290 11 11 a
692 4289 67 15 compro-

220 4312 47 17 mise.
292 4310 37 18 The
338 4310 38 15 first'
383 4309 66 17 motion
456 4315 34 9 was
495 4307 69 18 carried
570 4306 24 21 by
602 4311 24 11 an
632 4304 138 21 overwhelming

221 4333 90 20 majority.

381 4367 39 12 THE

219 4398 30 18 him
248 4398 9 18 ,
257 4398 11 18 .
276 4395 74 22 luckily.
359 4394 78 22 through
444 4394 31 17 the
482 4394 59 17 action
547 4391 19 18 of
572 4391 31 18 the
611 4393 80 15 masters.
698 4391 74 17 ',voided

317 4419 38 18 The
364 4417 89 21 delegate,
462 4419 34 14 met
513 4415 14 18 ti
534 4421 8 11 o
556 4416 76 15 ma,ter,
640 4415 18 15 at
673 4413 99 18 Nesvcastle

219 4449 22 12 on
250 4442 100 20 Thumday.
373 4440 72 18 Several
456 4440 73 15 ma,tom
539 4442 45 12 were
593 4435 78 18 inclined
679 4439 18 14 to
706 4435 65 18 adhere

221 4467 19 15 to
247 4466 31 17 the
289 4462 86 22 primosed
387 4460 92 19 redaction
495 4459 19 18 of
541 4462 11 14 st
569 4465 31 14 per
608 4461 52 14 cent..
671 4459 32 15 but
711 4459 13 15 it
737 4463 35 11 was

220 4486 100 19 ultimattly
331 4485 64 20 agreed
404 4488 18 11 to
430 4483 52 14 make
490 4482 13 15 it
521 4482 20 15 la
549 4485 91 15 percent.
656 4480 41 18 only
713 4480 17 15 in
744 4479 28 17 the

221 4512 50 17 gross
366 4505 38 15 The
413 4502 81 21 proposal
503 4502 37 15 wilt
554 4502 19 15 in
586 4501 25 17 all
631 4500 93 20 probabilit
754 4500 19 15 be

220 4528 81 20 fie:epted
309 4527 21 17 Es
339 4526 30 18 the
378 4531 45 13 men.

1023 5020 60 15 Yourg
1090 5019 57 20 truly.

957 5039 27 14 On
992 5040 61 13 behalf
1065 5040 18 14 of
1095 5039 31 15 tLe
1137 5037 112 15 Committee,

1180 5056 48 13 LEVI
1241 5054 96 15 Balmsla.

808 5072 77 15 D.aler,
893 5072 52 17 April
956 5073 50 17 29tb,
1012 5073 51 15 1974.

806 553 1 0 .
783 553 26 0 •

684 579 46 18 Th.
730 579 64 15 RIIIODS
802 576 54 20 OUC!.t
869 576 18 14 to
902 574 44 15 hare
960 570 72 18 officials
1044 572 20 14 to
1080 568 57 17 made
1152 572 41 13 over
1207 566 32 17 the
1265 563 51 21 MR.
1333 559 193 24 MACDONALD,
1537 559 61 20 MP..
1616 555 40 21 ON
1670 554 61 20 THE
1741 553 59 20 WAR-

684 599 105 25 prmlaction
798 599 20 15 to
834 598 72 20 preveet
919 592 130 19 accumulation
1057 592 19 17 of
1088 591 65 17 stocks.
1186 588 52 20 They
1251 580 1 44 1
1326 586 174 22 WICK.SIIIHE
1511 582 135 22 ALLNERS
1645 580 115 22 STRIKE.

684 627 46 12 were
736 619 80 25 Instilled
822 619 19 18 in
848 618 45 20 this,
900 618 27 17 for
943 617 31 17 the
990 619 46 12 same
1044 613 53 20 thing
1106 618 35 12 was
1150 608 89 25 practised

685 645 24 22 by
717 645 31 17 Cie
756 641 104 22 employers.
882 640 15 17 A
906 638 97 19 resolution
1010 643 35 11 was
1052 634 96 24 passed:—
1289 625 28 18 On
1332 622 84 22 Tuesday
1433 620 89 22 morning,
1538 619 35 19 Mr.
1591 617 102 20 Alexander
1708 613 112 21 Macdonald,

1339 644 96 33 addressed
1454 651 12 11 a
1485 648 46 12 mans
1552 647 8 27 m
1560 647 9 27 .
1571 640 60 31 eeting
1643 639 20 18 of

1676 637 8 33 .
1684 637 8 33 I
1693 637 8 33 .
1701 637 111 33 Varwickithir

705 670 50 18 net,
762 670 13 14 it
782 669 48 18 being
837 671 9 12 a
854 665 78 21 disputed
939 665 46 20 point
992 663 74 15 whether
1074 661 28 15 ths
1115 661 52 19 price=
1174 658 19 17 of
1199 658 44 15 iron-
1254 647 4 58 ;
1259 647 64 58 MtM.P.,ste
742 689 34 14 had
791 687 40 15 been
843 685 76 18 redacod,
932 685 30 14 tlei
974 683 106 15 minemmers
1094 680 19 14 be
1127 677 86 25 rsquested
1226 678 9 13 t
1235 678 9 13 o
1269 676 67 13 miners
1349 670 20 17 at
1377 669 72 21 present
1463 671 22 13 on
1493 670 58 13 struie
1558 666 72 24 against
1638 667 11 12 a
1663 665 93 14 TetlaClloll
1765 664 18 13 or
1792 663 30 13 ten

1813 643 8 11 e

716 694 20 9 m

689 709 47 15 allow
743 712 22 9 an
772 706 92 18 insmetion
873 704 17 15 of
902 703 44 15 their
959 703 51 14 books
1024 702 22 18 by
1061 703 34 12 two
1106 696 99 18 individuals
1217 700 28 13 au-
1257 681 1 43 j
1271 699 31 15 per
1310 693 46 17 cent,
1364 691 19 18 in
1390 696 64 15 wages.
1478 689 38 17 The
1524 690 80 18 meeting
1611 690 37 13 was
1656 683 40 19 hell
1708 683 20 19 ia
1737 689 11 12 a
1755 681 41 18 fitirl
1806 685 18 13 at

689 726 67 20 poiuted
763 725 21 18 by
795 725 28 14 tho
830 725 66 14 mimes,
901 722 33 14 and
971 723 26 15 tic
998 719 117 19 postponement
1121 720 17 11 ot
1150 716 28 15 the
1183 715 61 14 nett:es
1258 706 1 40 1
1271 713 104 20 Berlworth,
1383 712 31 17 the
1422 712 39 17 Rev
1469 710 19 19 J.
1496 710 21 18 P.
1526 709 78 18 Barmtt
1611 706 47 22 presi
1665 706 43 20 ling..

691 745 17 15 of
717 744 85 15 reduction
809 742 39 15 take
855 742 37 19 pl,e
892 742 9 19 ,
911 744 45 11 tom;
959 738 51 15 while.
1258 729 2 32 I
1296 741 53 18 After
1363 744 47 12 some
1422 737 78 22 opening
1513 735 80 19 remarks
1606 733 47 17 from
1662 732 31 17 the
1704 732 45 15 Rev.
1765 729 61 19 Chair-

691 811 61 21 THE
785 807 231 24 AMALGAMATED
1051 797 196 27 ASSOCIATION

1273 768 48 15 man,

1297 785 34 18 Mr.
1349 783 47 19 John
1413 781 90 22 Colledge,
1517 782 90 19 secretary
1615 780 20 15 to
1643 776 31 18 the
1688 774 11 20 W
1698 774 22 20 ar
1721 774 47 20 wick
1768 774 12 20 s
1780 774 47 20 hire

1261 796 2 33 i
1276 808 34 19 ami
1317 806 137 20 Leicestershire
1465 803 73 18 Miners'
1552 801 119 19 Association.
1682 797 59 19 stated
1748 797 41 18 the:
1798 796 31 18 the

720 839 38 20 OF
777 835 116 21 MINERS
912 833 64 21 AND
996 831 61 21 THE
1076 824 175 26 REDUCTION
1263 817 2 41 ,:
1276 829 97 20 Bedworth
1388 828 60 21 Lodge
1460 827 37 17 had
1504 822 133 20 recommended
1649 817 41 22 that
1698 821 30 18 the
1737 820 92 20 following

720 863 38 20 OF
772 861 113 20 WAGES.
1263 841 2 43 1
1277 852 118 22 propositions
1402 848 71 19 should,
1481 847 45 18 with
1533 847 32 17 the
1572 844 85 21 approval
1669 843 20 17 of
1696 843 41 17 that
1747 841 84 20 meeting,

717 889 39 18 The
764 886 97 19 Executive
869 885 109 19 Committee
992 883 19 17 of
1023 882 31 17 the
1065 881 56 17 above
1135 878 117 19 association,
1264 863 2 44 i
1277 874 22 17 be
1318 872 97 18 submdterl
1435 872 19 14 to
1473 869 33 15 the
1524 867 105 20 employers,
1644 866 37 15 nod
1688 865 41 15 that
1736 865 31 15 the
1775 863 56 15 latter

697 913 20 18 at
724 918 11 13 is
743 911 65 20 nitting
821 908 40 18 had
870 914 22 11 on
907 905 120 22 Werluesday,
1043 905 20 18 in
1078 898 174 24 Manchester—Mr.
1265 888 1 43 ,
1278 894 58 22 might
1344 898 59 13 &some
1414 896 19 13 to
1441 891 58 18 either
1506 888 19 18 of
1530 888 54 37 them
1584 888 13 37 l
1597 888 14 37 :

697 937 53 18 Thos.
759 932 92 22 Halliday,
860 931 32 19 the
899 930 98 22 president,
1005 928 19 18 in
1033 927 31 18 the
1076 924 109 20 chair—had
1199 920 54 24 again
1265 918 1 37 '
1280 938 6 4 .
1297 918 33 34 lsii

1337 937 46 18 days,

1390 914 12 35 ,„
1402 914 19 35 111
1421 914 19 35 ,,d
1440 914 6 35 u
1446 914 6 35 t
1452 914 6 35 t
1457 914 6 35 i
1463 914 6 35 l
1469 914 6 35 t
1475 914 13 35 re
1488 914 6 35 a
1494 914 19 35 stm
1513 914 13 35 o.
1526 914 6 35 e
1532 914 13 35 ri
1545 914 13 35 vo
1558 914 7 35 ,
1565 914 7 35 f
1572 914 7 35 ,
1579 914 7 35 -
1593 911 19 14 at
1617 908 30 17 the

1649 907 6 37 j
1655 907 12 37 us
1667 907 12 37 ti
1678 907 12 37 e:
1690 907 6 37 ,
1696 907 6 37 l
1709 908 25 14 rat
1752 905 15 17 of
1780 908 52 15 wages

1694 939 6 9 ;
1707 927 32 20 .1)4
1740 911 93 34 :appointed.

698 958 58 19 undsr
763 954 133 20 consideration
905 959 11 11 a
924 951 76 19 number
1006 951 19 18 of
1035 956 48 12 cases
1095 950 19 15 in
1122 946 59 18 which
1193 944 60 19 reduc-
1279 941 6 12 '
1343 941 5 35 ,
1382 954 7 7 ,

1279 943 14 31 to
1293 943 15 31 or
1309 943 54 31 cousnst
1370 939 18 31 Ox
1398 957 21 12 au
1427 951 48 20 equal
1486 951 74 17 unmber,
1571 951 19 13 to
1597 950 85 20 represent
1694 946 40 15 both
1746 944 89 20 elllplOyere

700 981 48 15 Goes
756 979 20 17 in
783 983 58 13 wages
850 981 30 11 are
932 979 34 15 gm
950 973 18 18 bein
967 973 39 17 ade.
1036 971 40 18 Th.
1089 970 84 18 ~„,,..itee
1173 970 8 18 ,
1181 970 8 18 e
1189 970 9 18 ,
1207 967 48 15 eft,
1280 976 32 14 and
1318 972 91 19 employed,
1416 971 26 14 for
1449 971 30 14 the
1489 973 71 17 purpose
1571 967 17 15 of
1597 969 59 13 Mame
1669 966 37 14 into
1715 963 119 17 consideration

700 1000 104 21 expressing
811 998 24 18 its
843 997 60 22 regret
915 996 43 17 that
966 996 31 15 the
1010 993 98 21 employers
1123 991 19 17 in
1159 990 31 17 the
1199 989 56 17 Farm
1280 994 30 14 the
1316 991 52 17 whole
1375 990 43 14 facts
1424 987 89 17 connected
1520 986 41 15 ivith
1567 986 30 14 the
1604 985 47 14 trade
1657 984 19 14 of
1684 984 31 14 the
1721 983 70 14 district.
1801 981 34 14 The

702 1022 58 20 worth
767 1020 73 18 district
846 1019 35 17 had
889 1018 54 22 given
958 1016 59 19 notice
1030 1016 30 15 for
1071 1019 13 12 a
1100 1011 93 19 reduction
1200 1009 19 19 of
1234 1009 22 18 10
1281 1011 71 17 decision
1358 1009 18 15 of
1385 1009 30 14 the
1421 1007 35 14 said
1466 1005 52 17 board
1526 1006 19 14 to
1552 1005 19 14 be
1578 1004 47 18 given
1635 1003 43 14 said
1683 1002 47 19 days,
1737 1000 40 15 each
1787 1000 50 18 party

702 1051 32 17 per
744 1045 54 19 cont.,
807 1042 34 19 and
850 1042 35 18 hail
893 1039 72 19 refused
980 1039 19 15 to
1016 1037 47 18 meet
1076 1042 12 12 a
1095 1033 107 21 deputation
1209 1031 47 17 from
1283 1030 77 18 agreeing
1365 1030 18 13 to
1395 1028 47 33 atle
1455 1026 22 18 by
1489 1024 40 15 such
1544 1020 64 35 decision
1607 1020 7 35 .
1615 1020 8 35 .
1623 1020 8 35 w
1631 1020 17 35 in
1648 1020 17 35 ha
1664 1020 17 35 th
1681 1020 17 35 ve
1697 1020 8 35 e
1715 1018 51 34 evento
1766 1018 8 34 t
1774 1018 8 34 f
1782 1018 9 34 ,
1807 1017 30 15 the

703 1069 32 18 the
743 1072 46 15 men,
797 1062 136 21 recommended
940 1062 31 18 the
980 1061 56 18 miner
1037 1065 9 11 n
1059 1061 20 15 to
1087 1056 84 19 continue
1179 1055 51 18 work
1238 1055 20 15 at
1283 1048 81 18 aforesaid
1377 1048 12 13 b
1389 1045 40 15 oned
1440 1045 109 18 disagreeing,
1559 1042 20 15 th
1580 1046 8 11 e
1589 1045 11 15 y

1645 1061 9 14 t
1664 1058 30 15 the
1716 1043 12 14 p
1728 1042 33 12 owe
1763 1042 8 11 r
1789 1041 30 30 °au
1827 1044 12 25 d

704 1090 78 22 present,
789 1094 19 12 as
815 1088 30 18 the
854 1085 106 18 association
969 1083 35 18 had
1012 1082 52 18 other
1071 1080 50 18 work
1129 1084 24 11 on
1160 1076 56 21 hand,
1224 1076 33 18 but
1284 1069 46 19 point
1337 1069 34 13 two
1382 1070 9 11 a
1393 1065 19 15 rb
1414 1065 73 15 itrators,
1498 1068 31 9 one
1539 1063 19 14 to
1570 1063 74 17 represen
1684 1063 9 11 e
1704 1057 53 19 emplo
1759 1061 28 14 yer
1787 1061 7 9 s
1817 1059 9 9 n

1284 1088 28 15 the
1319 1087 48 15 other
1374 1088 19 13 to
1397 1085 84 17 represent
1488 1081 28 17 the
1524 1080 91 21 employed,
1622 1082 54 15 power
1683 1076 56 17 be
1739 1076 47 18 given
1793 1075 46 14 them

704 1114 44 19 they
756 1116 44 17 gave
808 1110 69 17 mathe
878 1113 83 12 ssurance
969 1106 41 17 that
1024 1104 44 19 they
1083 1101 59 18 wowa
1157 1097 100 20 undertake
1284 1107 20 14 to
1310 1106 32 14 cell
1352 1106 17 14 te
1376 1108 21 11 an
1411 1102 69 18 umpire,
1492 1101 54 14 whom
1558 1098 71 15 decision
1641 1096 41 15 shall
1695 1077 13 33 be
1708 1077 21 33 ing
1730 1094 43 15 final.
1793 1093 46 14 Each

704 1134 32 18 the
744 1139 39 11 case
791 1137 20 9 as
821 1135 41 12 won
870 1135 20 11 as
899 1127 137 19 eircumsteuces
1049 1123 60 18 would
1117 1121 71 22 permit,
1196 1120 35 17 and
1241 1120 19 17 in
1285 1126 51 15 earty
1342 1124 19 13 to
1367 1127 32 13 pay
1406 1121 44 14 their
1456 1123 37 11 own
1505 1120 50 14 costs,
1561 1117 37 15 but,
1605 1116 18 14 in
1630 1115 28 14 the
1664 1116 48 12 event
1720 1114 17 14 of
1747 1117 21 9 no
1775 1111 64 18 umpire

704 1155 32 18 the
752 1153 94 18 meantime
860 1147 133 20 recommended
1012 1146 32 19 the
1063 1144 98 24 employers
1174 1141 38 18 and
1230 1140 31 18 the
1285 1140 48 17 Seine
1341 1139 52 17 called
1400 1140 22 15 in,
1435 1139 30 14 the
1474 1140 70 14 expense
1556 1135 18 14 of
1587 1133 41 15 such
1641 1133 63 18 umpire
1715 1133 19 13 to
1746 1131 20 14 be
1774 1128 66 20 equally

696 1159 1 38 '
706 1183 41 13 men
756 1179 19 15 to
782 1175 47 18 refer
837 1173 31 19 the
876 1179 41 12 case
926 1174 19 15 to
952 1168 116 20 arbitration.
1096 1166 17 18 A
1120 1163 69 19 similar
1195 1161 65 19 resolm
1285 1159 71 17 divided.

706 1201 40 19 tion
755 1205 35 13 who
800 1196 63 25 passed
870 1195 44 18 with
922 1193 65 25 regard
996 1195 20 15 to
1023 1192 31 18 the
1062 1189 71 22 dispute
1141 1193 19 12 in
1187 1192 9 13 e
1256 1196 6 4 -

1141 1186 13 5 -
1166 1186 31 19 the
1201 1185 52 19 Burn
1305 1180 14 14 2.
1330 1178 34 17 The
1371 1181 37 11 men
1415 1176 19 14 to
1440 1179 63 11 remme
1508 1172 46 15 work
1561 1172 19 14 at
1587 1170 28 14 the
1631 1167 81 21 proposed
1729 1166 85 17 reduction
1825 1165 18 15 of

1287 1200 27 15 tee
1323 1202 28 15 per
1358 1198 44 15 cent.
1408 1195 27 15 for
1442 1195 18 14 It
1467 1193 46 19 days,
1519 1192 60 18 during
1586 1189 54 15 which
1649 1188 40 17 time
1695 1187 65 20 tuquiry
1770 1185 43 17 shall
1822 1185 20 15 be

697 1205 1 41 ,
707 1225 28 21 ley
739 1224 35 18 and
778 1220 72 20 Church
854 1218 137 21 district,where
994 1215 31 18 the
1030 1220 40 12 men
1075 1213 44 18 have
1123 1209 63 19 struck
1191 1208 72 22 against
1289 1218 47 17 made
1342 1218 21 18 hy
1370 1221 11 9 a
1389 1214 52 17 Board
1449 1214 18 15 of
1473 1211 8 18 C
1481 1211 8 18 o
1489 1211 98 18 nciliation.
1607 1211 44 14 That
1658 1208 30 17 the
1694 1209 28 14 ten
1729 1211 30 17 per
1769 1208 43 13 cent.
1824 1205 20 15 be

707 1252 11 12 a
726 1245 71 18 further
806 1243 99 18 reduction.
938 1239 53 18 With
1005 1237 65 21 regard
1085 1238 20 14 to
1121 1234 31 17 the
1167 1232 65 19 Forest
1244 1231 19 18 of
1289 1238 11 14 b
1299 1238 43 14 anke
1342 1238 12 14 d
1361 1237 8 14 f
1369 1237 18 14 or
1394 1235 27 14 the
1428 1230 112 19 abovd
1540 1235 20 11 m
1561 1231 20 17 eneutied
1587 1231 41 13 time
1636 1225 4 39 ;
1650 1228 39 17 and,
1695 1227 47 15 when
1756 1226 30 15 the
1801 1225 41 15 cleat

709 1269 52 15 Della
768 1265 74 18 district,
850 1264 57 15 where
914 1261 70 17 notices
996 1260 19 15 of
1026 1264 11 12 a
1048 1257 93 18 reduction
1160 1256 18 14 of
1196 1254 21 15 ee
1232 1257 32 17 per
1290 1257 34 13 sion
1332 1256 13 14 is
1354 1256 53 15 given,
1414 1253 28 14 the
1449 1251 63 19 parties
1519 1251 17 13 in
1543 1250 54 14 whose
1604 1248 59 14 favour
1670 1246 28 15 the
1706 1245 56 15 award
1775 1248 38 14 may
1824 1244 20 13 be

710 1290 46 17 cent,
763 1289 45 15 have
815 1285 78 22 expired,
900 1284 15 17 it
925 1289 34 11 was
966 1287 17 11 ri
986 1280 58 18 solved
1052 1280 41 15 that
1102 1278 31 17 the
1141 1277 76 17 masters
1230 1273 35 17 and
1290 1273 44 17 shall
1341 1272 61 15 twelve
1408 1270 28 15 the
1442 1266 99 35 moneytlir
1541 1284 26 17 or
1567 1290 11 11 p

1530 1265 83 18 asd
1612 1264 5 21 l
1572 1271 32 14 epo
1648 1264 4 21 .
1681 1264 34 15 Tho

1822 1261 22 15 all

710 1316 40 12 men
757 1309 22 19 be
788 1307 79 22 required
876 1309 19 14 td
904 1306 46 15 meet
958 1303 83 21 together
1049 1303 18 15 in
1076 1300 103 15 conference
1192 1303 22 9 ,at
1226 1296 38 17 Fri-
1291 1291 170 17 h
1461 1292 14 11 w

1291 1293 41 14 have
1338 1294 57 15 power
1426 1293 28 13 say
1476 1285 30 18 het
1506 1285 73 17 he
1567 1290 11 11 n
1579 1287 18 13 et
1604 1271 8 32 '
1612 1271 25 32 say
1644 1283 86 15 redaction
1747 1281 43 14 shall
1801 1263 44 33 tat

710 1333 40 21 day,
757 1335 20 14 to
785 1331 67 17 discuss
860 1329 32 17 the
899 1329 61 18 matter
960 1329 11 18 ,
979 1325 31 20 and
1010 1325 11 20 ,
1032 1325 8 17 i
1041 1325 9 17 n
1069 1322 32 19 the
1121 1322 51 15 ercut
1192 1319 18 15 of
1221 1317 44 18 such
1291 1311 52 19 place,
1349 1309 40 18 and,
1395 1309 13 14 if
1416 1312 24 13 so,
1449 1309 18 13 to
1474 1306 50 15 nettle
1535 1305 30 15 the
1576 1304 69 15 amount
1661 1303 17 14 of
1695 1302 40 14 such
1753 1299 92 17 reduction.

1291 1330 34 15 The
1332 1329 37 15 said
1376 1328 53 15 Board
1436 1326 67 15 lobave
1511 1329 54 14 power
1571 1324 20 14 0
1597 1322 32 15 call
1645 1322 18 14 0
1678 1325 32 15 any
1744 1319 9 15 it
1775 1324 18 11 co
1806 1318 39 18 they

763 1376 48 17 derin

711 1355 103 18 conference
822 1352 53 20 being
882 1350 48 19 held,
939 1349 39 18 that
989 1348 34 18 Mr.
1031 1344 84 22 Hidliday
1122 1342 70 19 attend.
1213 1341 53 18 Aft.
1292 1355 38 13 may
1336 1348 65 19 require
1408 1345 79 17 tonebieg
1494 1348 45 14 upon
1546 1342 28 17 thr,
1581 1342 81 19 (mention.
1689 1338 53 20 Felled
1759 1342 61 13 powers
1828 1338 18 13 to

712 1377 110 17 consie
830 1375 31 15 the
869 1372 77 22 poeitiou
965 1371 19 17 of
1002 1369 60 18 agates
1080 1368 20 15 in
1111 1363 155 19 Mumno.thshire
1293 1369 20 14 he
1319 1368 47 19 given
1375 1368 18 13 to
1400 1367 28 14 the
1435 1363 54 17 Board
1496 1363 17 14 in
1520 1362 34 15 this
1561 1367 18 9 as
1586 1361 18 14 tu
1613 1361 30 14 the
1649 1359 61 15 former
1721 1357 106 20 propositiorl.

713 1400 35 17 and
756 1388 130 27 SondWales,
893 1394 58 18 where
963 1393 67 17 notices
1049 1390 19 17 of
1088 1394 9 13 a
1115 1387 92 19 reduction
1222 1385 46 15 have
1316 1394 33 17 Mr.
1363 1391 20 17 A.
1396 1388 110 19 Macdonald,
1518 1385 52 20 M.P.,
1581 1384 39 17 who
1628 1388 35 13 was
1669 1381 80 19 received
1756 1381 43 17 sith
1806 1380 43 18 loud

715 1422 45 18 been
767 1420 61 18 served
834 1423 47 17 upon
889 1417 31 17 the
937 1421 47 15 men,
1003 1415 14 18 it
1036 1419 34 12 was
1089 1417 13 11 r,
1108 1409 60 18 solved
1175 1409 20 18 to
1202 1413 66 12 ram-
1297 1415 92 24 applause,
1396 1411 47 18 said:
1456 1410 31 22 My
1499 1409 43 18 time
1548 1407 61 22 to-day
1617 1407 15 17 is
1644 1410 43 17 very
1698 1403 79 20 limited;
1789 1402 47 24 tkere-

715 1444 52 15 ntend
774 1443 31 17 the
814 1441 46 21 meta
865 1446 51 12 overs
924 1440 34 15 and
965 1435 150 24 representatives
1127 1433 19 17 of
1157 1433 31 15 the
1201 1435 41 12 men
1251 1431 19 14 to
1294 1440 38 15 fore
1345 1442 46 11 tome
1401 1435 74 17 matters
1483 1431 57 17 which
1552 1430 9 17 I
1572 1427 84 19 iMendea
1663 1429 20 15 to
1690 1427 47 18 refer
1747 1428 20 14 to
1774 1426 35 15 will
1818 1427 32 14 Init

716 1466 66 17 discuss
789 1465 32 17 the
829 1459 83 26 question
919 1460 89 19 together,
1019 1459 18 17 in
1051 1457 51 15 order
1109 1455 41 17 that
1159 1459 47 11 some
1215 1452 53 17 amic-
1296 1461 21 15 be
1329 1457 77 20 touched
1419 1460 48 18 upon
1479 1455 21 15 bv
1513 1459 28 11 me
1553 1457 24 11 on
1587 1452 37 15 this
1636 1449 87 19 occasion,
1736 1448 31 17 but
1781 1447 9 17 I
1813 1447 37 15 hall
1804 1453 8 9 s

717 1488 38 17 able
763 1486 123 19 arranoement
893 1483 59 20 might
958 1482 21 15 be
987 1480 51 18 made
1046 1479 57 18 which
1122 1475 58 18 wouta
1199 1474 50 18 avert
1260 1479 11 11 a
1297 1480 84 25 probably
1389 1479 58 18 allude
1454 1479 19 15 to
1481 1472 56 24 them,
1545 1474 14 17 if
1566 1472 70 24 spartd,
1643 1473 20 15 at
1669 1475 46 17 your
1727 1472 40 14 next
1780 1469 57 15 dome-

717 1511 87 17 cessation
813 1500 18 25 LI
839 1507 52 18 work.
913 1506 39 17 The
965 1504 99 17 committee
1077 1498 94 25 expressed
1180 1496 46 18 their
1234 1501 37 12 cm-
1298 1505 81 17 stration.
1402 1501 22 17 In
1437 1500 30 18 the
1481 1499 39 17 first
1535 1496 56 21 place,
1606 1494 52 17 allow
1669 1498 28 12 me
1709 1493 19 17 to
1741 1496 31 15 say
1785 1491 41 17 that
1841 1491 9 15 I

707 1513 1 40 r
717 1532 35 18 diet
761 1531 84 22 approval
853 1530 18 15 of
879 1530 31 15 the
918 1528 59 15 fiction
997 1525 19 17 of
1033 1525 31 17 the
1083 1521 99 22 employers
1191 1520 18 18 iti
1221 1518 50 18 Peru-
1297 1527 46 17 have
1356 1531 41 14 veler
1409 1524 50 20 great
1472 1520 80 22 pleasme
1565 1519 19 17 in
1596 1517 78 21 meeting
1684 1519 37 18 yon
1734 1514 19 17 in
1763 1513 47 17 what
1822 1518 28 15 my

717 1553 109 18 brokeshire,
833 1551 39 18 who
882 1551 35 15 ha•l
926 1547 97 18 consented
1029 1548 20 15 to
1056 1545 60 18 confer
1123 1544 44 15 with
1173 1543 34 15 Mr.
1217 1540 56 17 Haiti-
1298 1548 58 17 friend
1364 1543 34 21 :ma
1407 1550 53 17 your.
1468 1544 43 20 (Mr.
1519 1539 91 21 Cidledge)
1623 1539 33 15 has
1668 1537 81 22 properly
1760 1534 70 17 termed
1841 1539 11 12 a

718 1577 34 19 day
761 1576 43 15 with
810 1572 64 19 regard
881 1573 19 14 to
908 1571 31 17 the
952 1571 39 15 nib:
1010 1570 19 14 of
1046 1571 59 14 wages
1114 1565 47 18 obe
1169 1564 41 20 paid
1219 1563 19 14 in
1245 1566 27 11 am
1299 1576 38 11 new
1344 1569 84 21 position.
1452 1566 47 15 lam
1506 1569 39 11 sure
1553 1561 77 19 nothing
1637 1560 33 15 has
1681 1557 71 22 pleased
1760 1563 26 9 me
1794 1557 58 15 better

718 1596 85 18 cordon.:
811 1594 43 17 with
862 1593 31 15 the
901 1591 79 19 changed
990 1590 61 20 prices.
1085 1587 15 15 A
1120 1585 99 18 resolution
1239 1587 35 11 %AAA
1299 1591 45 18 than
1350 1591 20 15 to
1377 1590 51 15 know
1436 1587 40 15 that
1485 1585 8 17 I
1501 1584 43 19 had,
1551 1583 65 19 during
1622 1581 31 15 the
1661 1580 43 15 time
1711 1579 19 15 of
1736 1583 30 17 my
1773 1583 79 13 canvass,

718 1618 38 17 laall
764 1616 69 24 passed,
841 1615 79 20 strongly
928 1612 93 20 censuring
1030 1610 30 18 the
1069 1609 58 17 action
1135 1607 19 15 of
1161 1606 31 15 the
1204 1609 41 13 men
1257 1606 18 13 at

1302 1613 34 15 and
1343 1611 65 18 during
1415 1609 31 17 the
1456 1609 43 15 time
1507 1606 19 15 of
1533 1610 30 15 my
1571 1603 59 18 efforts
1637 1603 19 15 to
1664 1602 21 14 be
1693 1599 85 17 returned
1785 1600 19 15 to
1813 1598 40 15 Par.

719 1642 31 17 the
759 1637 106 22 Kingwood
873 1636 85 21 Colliery,
965 1638 44 13 near
1029 1630 73 20 Bristol,
1121 1629 45 19 who,
1183 1628 31 17 the
1230 1631 37 11 coin
1266 1631 9 11 -
1300 1635 80 19 Bement,
1395 1632 32 17 the
1442 1629 67 19 cordial
1524 1628 34 17 and
1570 1626 63 20 hearty
1644 1622 120 22 co-operation
1776 1620 19 17 of
1811 1624 44 18 your

719 1663 63 18 mittee
793 1659 89 21 regrettea
891 1661 19 15 to
918 1658 56 19 ham
981 1661 44 13 mire
1031 1655 19 18 in
1057 1655 32 17 the
1102 1652 50 17 Lida
1180 1649 97 21 flueaving

1303 1658 92 20 secretitry,
1404 1655 35 17 end
1447 1654 31 17 the
1491 1649 93 25 sympathy
1596 1648 18 17 of
1625 1651 35 17 you
1672 1645 40 15 who
1723 1649 31 12 are
1766 1648 38 13 now
1817 1648 28 17 pre-

720 1685 47 17 their
776 1684 45 17 mirk
829 1681 85 21 suddenly
924 1681 73 15 without
1004 1678 65 20 'giving
1082 1681 65 18 proPcr
1217 1674 9 18 ,
1241 1671 22 17 .n
1264 1671 12 17 ,
1266 1678 11 9 '`
1303 1681 7 19 A
1310 1681 39 19 ellt,
1368 1680 19 15 ill
1406 1682 28 17 my
1449 1675 109 18 endeavours
1571 1674 19 14 to
1606 1671 30 18 get
1646 1668 61 18 within
1722 1668 32 17 the
1765 1667 61 17 House
1838 1665 18 15 of

720 1714 22 11 on
751 1707 32 17 the
791 1707 46 15 most
846 1703 85 18 frivolous
939 1702 97 21 pretences.
1304 1703 100 17 Commons.
1427 1696 111 24 (Applause.)
1559 1694 9 17 I
1579 1693 61 21 fondly
1654 1691 46 21 hope
1711 1690 40 17 that
1761 1694 24 12 no
1798 1689 28 15 act
1838 1688 19 15 of

1304 1726 53 15 mine,
1365 1728 19 12 so
1393 1722 41 19 long
1442 1726 20 11 as
1474 1720 9 15 I
1494 1719 45 15 have
1552 1716 32 17 the
1594 1714 84 21 privilege
1690 1713 19 15 of
1721 1711 63 19 sitting
1794 1709 63 18 within

1304 1747 40 18 that
1352 1746 67 18 House,
1428 1741 34 18 will
1469 1740 33 18 fail
1509 1741 19 15 to
1537 1739 47 17 meet
1591 1736 43 17 with
1642 1740 44 17 your
1693 1734 63 21 hearty
1767 1737 40 17 apm
1812 1731 46 19 oval,

1304 1768 37 17 and
1349 1768 8 17 I
1369 1772 40 15 may
1426 1769 30 15 say
1467 1761 99 18 this—that
1578 1763 52 15 every
1644 1759 40 14 vote
1696 1756 52 21 given
1762 1755 22 21 by
1799 1759 28 12 me
1839 1754 19 15 in

1304 1792 41 15 that
1352 1789 61 17 House
1421 1786 37 18 will
1465 1785 21 17 be
1493 1781 85 19 recorded
1584 1781 33 17 not
1624 1779 66 21 merely
1698 1783 22 11 on
1730 1778 61 17 behalf
1799 1776 19 15 of
1825 1781 33 11 one

1305 1812 46 18 class
1367 1811 19 17 of
1400 1811 31 15 tie,
1446 1805 113 20 community,
1574 1804 32 15 but
1617 1802 19 15 in
1651 1801 31 17 the
1695 1800 72 17 interest
1780 1798 35 18 and
1827 1798 31 17 the

1305 1834 71 17 welfare
1391 1832 18 18 of
1422 1831 25 17 all
1460 1830 65 17 classes
1539 1826 19 17 of
1569 1825 32 18 the
1612 1822 115 26 commueity.
1750 1819 107 24 (Applause.)

1306 1857 64 18 Before
1383 1856 9 15 I
1408 1858 40 18 pass
1465 1857 21 12 on
1499 1851 19 17 to
1532 1850 32 17 the
1576 1847 67 21 subject
1655 1845 57 17 which
1723 1844 32 17 has
1770 1843 57 17 called
1840 1847 20 11 as

1306 1879 83 19 together
1403 1878 19 14 to
1424 1877 46 15 -day,
1482 1873 25 17 let
1519 1877 27 12 me
1563 1876 30 15 say
1600 1871 20 15 to
1631 1873 35 11 volt
1682 1867 39 17 that
1733 1866 14 17 it
1760 1866 14 17 is
1786 1866 33 15 not
1832 1870 27 11 my

1307 1900 94 17 intention,
1409 1898 18 17 in
1435 1897 32 17 the
1474 1896 39 15 first
1520 1893 69 15 session
1599 1891 19 17 of
1630 1890 110 17 Parliament
1750 1889 19 15 ill
1781 1887 58 15 which
1851 1883 11 20 I

1309 1924 44 17 have
1361 1922 31 18 the
1396 1922 71 15 honour
1474 1917 19 18 of
1500 1922 11 12 a
1519 1916 45 18 seat,
1571 1916 20 15 to
1598 1912 51 17 make
1658 1917 11 12 a
1677 1911 50 19 great
1734 1909 39 20 (teal
1780 1909 19 17 of
1806 1909 56 17 noise.

1309 1946 9 17 I
1325 1945 66 18 believe
1400 1943 14 18 it
1421 1943 15 17 is
1444 1942 41 17 wise
1493 1938 34 18 and
1535 1936 77 25 prudent
1623 1936 33 17 not
1669 1935 20 17 to
1703 1933 21 17 be
1735 1931 100 20 abeorbing,
1848 1930 15 18 if

1310 1970 9 17 I
1335 1974 40 15 may
1389 1971 31 12 use
1434 1965 32 17 the
1485 1961 106 24 expression,
1610 1961 31 14 too
1657 1956 53 18 much
1729 1955 94 18 attention.
1854 1954 9 17 I

1310 1991 41 18 will,
1370 1990 86 17 however,
1480 1983 76 24 promise
1578 1982 40 17 that
1641 1981 51 15 those
1715 1978 83 15 interests
1819 1976 44 17 with

1310 2013 58 17 which
1382 2011 9 15 I
1403 2010 45 17 have
1456 2008 44 17 been
1508 2011 19 11 no
1534 2006 44 19 long
1584 2002 97 18 connected
1693 2001 47 17 shall
1754 2001 32 14 not
1800 2000 21 15 be
1833 2003 21 11 un-

1311 2033 84 19 attended
1407 2034 26 18 to,
1441 2035 43 12 even
1492 2027 64 20 during
1563 2027 31 15 the
1603 2026 38 15 first
1649 2023 67 17 session
1728 2022 41 17 that
1783 2021 9 17 I
1806 2026 28 12 am
1846 2020 19 17 in

1311 2057 32 17 the
1361 2055 69 18 House.
1460 2048 110 25 (Applause.)
1599 2047 28 17 No
1643 2046 56 17 doubt
1714 2049 34 17 you
1765 2043 44 15 have
1825 2042 40 17 read

1311 2079 32 18 the
1350 2078 86 18 accounts
1443 2074 20 18 in
1474 2073 32 18 the
1519 2076 65 17 papers
1597 2068 19 17 of
1630 2068 32 17 the
1675 2067 20 18 of
1709 2066 32 19 the
1748 2066 118 17 unfortunate

1313 2100 57 18 affiair
1401 2099 19 17 at
1447 2093 111 21 Dukinfield
1598 2088 125 21 Immediately
1750 2087 47 18 after
1826 2086 41 18 that

1313 2122 86 21 calamity
1416 2120 9 18 I
1444 2119 33 22 put
1493 2114 65 24 myself
1577 2114 19 17 in
1611 2109 150 21 communication
1779 2108 43 18 with
1837 2108 32 17 the

1315 2144 128 20 Government,
1460 2140 34 19 and
1511 2145 26 12 we
1552 2138 45 18 have
1612 2133 93 20 extracted
1723 2132 47 19 from
1789 2131 51 19 them
1857 2137 11 12 a

1315 2169 78 24 promise
1408 2166 40 18 that
1462 2164 37 18 this
1514 2159 118 21 unfortunate
1652 2157 130 20 accident—or,
1801 2154 67 21 rather,

1316 2190 99 22 slaughter,
1422 2189 30 17 for
1467 2187 8 15 I
1485 2185 67 18 cannot
1566 2183 35 18 call
1617 2181 15 17 it
1648 2186 22 11 an
1687 2177 151 19 itecirient—shall
1850 2177 21 18 be

1317 2211 109 20 thoroughly
1434 2209 35 18 and
1480 2205 87 24 perfectly
1578 2203 125 19 investigated.
1720 2200 79 21 Judging
1809 2200 22 19 by
1840 2199 31 17 the

1317 2233 69 18 several
1404 2230 83 22 opinions
1506 2229 9 15 I
1539 2228 46 15 have
1604 2223 56 19 betted
1678 2222 93 21 expressml
1791 2222 24 20 by
1833 2220 39 15 Her

1317 2255 96 24 Majesty's
1421 2251 96 20 Ministers
1528 2248 30 19 for
1569 2248 31 17 the
1607 2245 44 18 time
1659 2244 60 21 being,
1728 2243 9 18 I
1750 2242 69 19 believe
1830 2242 44 20 they

1317 2285 32 12 are
1356 2276 98 21 extremely
1462 2274 76 19 anxious
1545 2274 20 15 to
1572 2270 24 18 do
1604 2268 41 20 that
1654 2267 58 19 which
1721 2267 14 18 is
1743 2265 50 22 right
1801 2264 19 18 in
1830 2264 44 18 such

1318 2302 76 18 mattern
1402 2306 20 11 as
1430 2298 37 17 this
1476 2288 4 32 ;
1493 2295 34 18 and
1544 2294 47 17 from
1598 2291 32 18 the
1642 2294 105 14 assurances
1754 2288 59 18 which
1828 2288 46 17 have

1318 2324 45 15 been
1372 2322 41 22 give
1421 2322 54 15 tonic
1483 2319 22 21 by
1515 2317 31 15 the
1556 2316 58 17 Houle
1622 2314 99 19 Secretary,
1729 2311 35 15 and
1770 2310 38 17 also
1815 2310 24 20 by
1844 2309 32 18 the

1319 2346 63 19 Under
1382 2343 102 19 -Secretary
1499 2340 19 18 of
1540 2339 57 19 State,
1610 2336 9 17 I
1642 2335 46 18 have
1707 2339 24 12 no
1747 2333 56 17 doubt
1819 2331 46 17 what-

1320 2374 41 13 ever
1369 2367 41 18 that
1421 2366 32 18 the
1463 2362 35 19 full
1511 2361 35 18 and
1558 2359 94 20 searching
1664 2355 129 22 investigation
1806 2354 38 18 will
1854 2353 22 19 be

1320 2392 58 17 made.
1408 2389 8 17 I
1433 2387 37 18 will
1488 2383 77 24 promise
1584 2380 100 19 this—that
1696 2379 14 18 if
1726 2379 40 18 that
1780 2378 89 20 investiga-

1322 2414 39 17 tion
1369 2412 14 18 in
1391 2412 32 18 not
1437 2407 94 21 searching
1545 2405 37 19 and
1596 2402 93 22 complete,
1702 2401 14 17 if
1731 2400 15 18 it
1760 2400 14 18 is
1788 2401 32 15 not
1828 2399 50 18 what

1323 2437 7 17 I
1339 2435 69 18 believe
1421 2433 14 18 it
1443 2431 57 20 ought
1513 2431 20 15 to
1545 2426 85 20 be—viz.,
1638 2424 90 20 thorough
1741 2422 19 18 in
1773 2422 26 17 its
1806 2421 72 17 Amite.

1323 2457 59 20 ter—l
1397 2454 44 21 will,
1456 2451 90 22 although
1570 2450 8 17 I
1600 2448 46 17 have
1664 2445 103 24 preseribed
1786 2444 92 22 quietness

1323 2481 30 18 for
1375 2477 70 25 myself,
1468 2476 44 18 take
1533 2478 41 13 care
1602 2472 20 18 to
1649 2470 53 20 bring
1728 2467 17 18 it
1767 2467 53 21 again
1844 2465 35 18 and

1323 2503 54 19 *mein
1400 2505 58 13 under
1480 2498 32 18 the
1526 2496 59 19 notiec
1600 2493 19 18 of
1642 2492 32 18 the
1689 2491 67 20 House,
1773 2490 46 18 until
1835 2489 15 18 it
1863 2489 15 17 is

1324 2523 110 21 thoroughly
1448 2520 37 18 and
1505 2516 105 24 completely
1629 2511 249 24 investigated—(applause).

1325 2548 58 18 Th,Lre
1396 2546 15 15 iA
1420 2543 76 18 another
1502 2542 67 17 matter
1583 2537 58 19 which
1649 2537 33 18 has
1689 2535 65 19 caused
1762 2541 20 11 us
1792 2533 78 18 consider-

1326 2569 39 18 able
1381 2568 64 18 labour
1457 2565 19 17 in
1488 2563 44 21 days
1545 2567 45 15 gone
1605 2561 30 20 by.
1663 2558 40 17 You
1710 2557 46 18 have
1765 2561 48 13 some
1820 2556 48 17 know-

1326 2590 51 22 ledge
1385 2589 19 18 of
1413 2588 30 19 the
1450 2585 81 21 working
1538 2583 19 18 of
1563 2583 30 18 the
1600 2581 54 19 truck
1663 2581 72 21 system.
1750 2578 48 18 That
1807 2580 73 20 system,

1328 2614 19 19 of
1362 2620 8 12 c
1377 2617 51 15 ease,
1437 2610 17 19 is
1468 2610 19 18 to
1499 2614 12 13 a
1521 2607 52 24 great
1587 2606 63 18 extent
1665 2601 73 20 doomed
1744 2600 5 33 ;
1767 2601 32 19 but
1813 2600 38 19 still
1866 2600 15 18 it

1328 2636 79 20 remains
1420 2634 19 19 in
1452 2633 71 19 various
1534 2630 51 22 parts
1597 2627 20 19 of
1629 2627 31 19 the
1668 2627 83 20 country.
1773 2623 72 19 lathed
1851 2622 32 19 the

1330 2659 126 19 Government,
1466 2654 69 21 shortly
1543 2653 48 17 after
1600 2656 30 15 my
1638 2652 64 15 return
1717 2650 20 15 to
1750 2648 31 18 the
1793 2647 63 18 Hone.
1864 2646 19 18 of

1330 2681 100 17 Commons,
1439 2676 80 18 whether
1531 2680 21 12 or
1565 2674 32 17 not
1610 2672 43 20 they
1667 2670 85 18 intended
1763 2672 20 14 to
1791 2669 40 15 deal
1839 2668 44 17 with

1330 2702 41 18 that
1380 2700 67 21 subject
1455 2698 37 18 and
1499 2698 32 17 the
1538 2696 34 15 law
1584 2693 20 18 of
1619 2692 133 21 compensation
1765 2691 35 15 this
1809 2689 73 19 session,

1330 2725 37 19 and
1374 2724 9 18 I
1391 2711 4 33 1
1404 2727 31 13 aye
1443 2718 83 21 deferred
1538 2717 73 24 putting
1624 2720 12 12 a
1643 2713 89 24 question,
1741 2712 18 19 in
1767 2712 31 18 the
1806 2711 33 19 full
1848 2711 35 18 and

1331 2747 70 19 orilinai
1406 2752 9 14 y
1431 2750 56 14 sense,
1496 2745 19 15 to
1531 2740 117 19 Parliament,
1664 2737 46 19 until
1727 2735 93 21 Thursday
1833 2735 50 20 next,

1331 2770 52 18 when
1395 2770 32 15 the
1439 2764 119 19 Government
1574 2763 33 15 has
1623 2760 90 21 promised
1729 2760 20 15 to
1765 2758 41 21 give
1821 2763 28 12 me
1860 2763 24 11 an

1332 2796 70 13 auswer
1409 2794 19 11 es
1436 2790 19 14 to
1463 2785 79 18 whether
1551 2790 20 11 or
1578 2784 32 15 not
1617 2783 45 20 they
1669 2781 37 15 will
1714 2780 39 17 deal
1757 2779 44 17 with
1807 2779 32 17 the
1844 2778 31 18 sub-

1332 2813 37 21 ject
1377 2810 37 19 thin
1421 2815 48 17 year.
1493 2807 9 17 I
1513 2804 99 25 postpoued
1619 2809 30 15 my
1657 2803 83 20 question
1747 2803 20 15 at
1774 2802 32 15 the
1814 2800 71 21 retitled

1333 2835 20 19 of
1361 2833 31 19 the
1400 2830 128 20 Goeernmeut,
1535 2828 35 18 unit
1579 2826 9 18 I
1596 2826 46 17 have
1649 2830 48 12 some
1706 2823 45 22 hope
1760 2822 39 19 that
1807 2822 44 22 they
1856 2822 31 18 did

1335 2863 19 12 so
1362 2855 44 19 with
1414 2855 30 18 the
1453 2854 44 17 view
1512 2851 19 17 of
1541 2848 113 21 considering
1670 2846 80 18 whether
1766 2851 20 12 or
1801 2845 32 17 not
1841 2844 44 22 they

1335 2878 58 19 would
1400 2877 21 18 be
1429 2875 40 19 able
1478 2876 20 17 to
1505 2874 43 18 take
1556 2878 22 15 up
1586 2871 31 18 the
1626 2870 69 21 subject
1703 2868 66 22 fleeing
1775 2868 32 17 the
1815 2868 71 21 present

1336 2902 72 19 session.
1431 2896 94 24 Although
1532 2896 15 18 it
1560 2901 41 15 may
1615 2894 21 18 be
1644 2891 57 19 found
1708 2889 103 25 impossible
1819 2894 19 14 to
1845 2895 41 18 pass

1336 2933 34 14 any
1380 2923 37 19 ouch
1429 2927 83 13 measure
1524 2926 20 12 or
1556 2922 87 14 measures
1656 2915 37 18 this
1708 2920 48 18 year,
1767 2914 37 18 still
1813 2920 26 11 we
1846 2919 41 17 may

1336 2947 77 21 le.rhaps
1420 2946 45 15 have
1473 2943 41 15 bills
1521 2940 89 19 launched
1619 2940 28 15 for
1655 2939 31 15 the
1690 2936 132 18 consideration
1831 2935 19 18 of
1858 2935 31 18 the

1336 2968 83 19 country.
1441 2966 31 15 No
1478 2965 47 15 later
1532 2962 46 17 than
1590 2959 99 22 yesterday,
1698 2959 9 15 I
1720 2959 43 15 took
1776 2957 81 17 occasion
1870 2959 20 13 to

1336 2989 51 21 place
1394 2986 60 19 before
1461 2985 33 18 her
1502 2982 94 22 Majesty's
1609 2980 96 18 Ministers
1716 2979 69 17 certain
1796 2979 93 19 questions

1337 3011 74 20 relative
1420 3011 20 17 to
1453 3007 31 19 the
1496 3006 70 22 reports
1579 3004 19 19 of
1610 3002 98 22 inspectors
1716 3000 19 19 of
1747 3000 63 18 mines.
1832 2999 9 18 I
1852 3005 38 12 was

1338 3033 105 22 conversing
1450 3031 32 19 the
1491 3030 51 19 other
1550 3028 34 22 day
1598 3026 45 18 with
1651 3031 24 13 nit
1680 3024 115 20 ex-Minister
1801 3022 19 19 of
1832 3022 58 21 State,

1338 3058 41 21 and,
1389 3057 19 19 in
1415 3056 51 21 reply
1473 3056 20 17 to
1502 3059 11 12 a
1520 3051 90 24 question,
1623 3050 24 18 he
1658 3048 39 18 said
1706 3047 41 22 they
1756 3046 52 19 could
1817 3047 32 17 not
1860 3047 31 21 get

1339 3081 50 15 these
1396 3079 71 20 reports
1474 3077 32 18 out
1521 3076 19 17 of
1552 3074 31 17 the
1591 3072 58 18 hands
1664 3071 19 18 of
1695 3071 32 17 the
1734 3070 105 20 inspectors.
1863 3070 28 15 He

1339 3102 63 18 added.
1496 3098 9 17 I
1514 3103 37 12 was
1557 3097 19 17 at
1584 3096 31 17 the
1623 3094 59 15 Home
1696 3091 61 20 Office,
1770 3097 25 11 we
1804 3090 35 18 had
1852 3096 30 12 con-

1341 3119 77 26 tinually
1424 3122 20 19 to
1452 3122 21 18 be
1482 3119 77 21 fighting
1567 3116 56 19 about
1717 3113 30 18 He
1754 3112 38 18 also
1802 3112 44 20 said,
1877 3111 15 18 .f

1341 3155 34 17 you
1381 3146 37 19 will
1424 3145 41 22 only
1473 3143 53 22 bring
1533 3142 32 19 the
1572 3141 67 18 matter
1648 3137 60 19 before
1715 3136 31 19 the
1754 3135 66 21 House,
1830 3135 9 18 I
1846 3133 46 19 shall

1342 3169 86 21 certainly
1437 3168 74 21 eupport
1519 3171 41 17 you,
1576 3164 19 17 in
1607 3162 52 19 order
1668 3161 40 18 that
1715 3159 51 18 these
1773 3159 72 21 reports
1852 3163 40 17 may

1342 3194 21 15 be
1372 3194 39 15 sent
1422 3191 20 15 in
1457 3190 20 17 at
1492 3188 32 18 the
1531 3191 65 17 proper
1603 3185 48 15 time.
1675 3183 38 17 The
1726 3181 119 18 Government
1854 3185 28 15 pro-

1343 3214 56 18 mised
1406 3217 28 12 me
1441 3211 35 17 last
1492 3209 52 21 night
1558 3208 43 17 that
1613 3207 43 20 tkey
1672 3203 57 18 would
1744 3202 22 18 do
1781 3202 25 17 all
1819 3202 20 17 in
1845 3201 50 17 their

1343 3241 59 18 power
1409 3236 19 17 to
1436 3233 31 24 get
1474 3231 31 18 the
1513 3230 74 22 reports.
1611 3228 19 18 It
1643 3231 56 13 seems
1707 3226 40 17 that
1754 3223 25 18 all
1786 3223 32 18 the
1825 3222 70 21 reports

1343 3260 33 18 but
1383 3263 34 13 one
1429 3257 46 17 have
1493 3254 45 18 beets
1557 3253 40 17 sent
1617 3250 24 21 in,
1659 3248 37 19 and
1715 3247 41 22 they
1767 3253 32 12 are
1809 3244 54 22 going
1877 3246 19 15 to

1343 3287 45 15 urge
1398 3285 48 17 upon
1457 3279 41 17 that
1509 3281 33 12 one
1554 3278 19 14 to
1585 3273 43 19 send
1641 3273 18 17 in
1670 3272 28 18 his
1710 3272 65 20 report.
1809 3268 18 17 If
1845 3267 51 18 these

1344 3305 71 19 reports
1426 3306 30 12 are
1467 3299 32 18 not
1511 3304 41 11 soon
1571 3295 38 17 laid
1625 3300 48 15 upon
1690 3293 31 18 the
1737 3292 63 19 tables,
1813 3292 15 15 it
1840 3291 15 15 is
1866 3294 31 15 my

1345 3324 90 19 intention
1442 3324 20 15 to
1476 3319 54 20 bring
1544 3317 78 19 forward
1636 3315 32 17 the
1676 3313 57 18 whole
1744 3312 83 21 plestion,
1834 3311 37 17 and
1878 3311 19 15 to

1318 3332 2 33 '
1346 3346 32 19 ask
1384 3345 31 19 the
1423 3348 51 14 name
1482 3341 19 18 of
1509 3340 31 18 the
1548 3338 91 22 inspector
1646 3343 21 12 or
1682 3335 99 21 inspectors
1793 3332 39 19 who
1840 3338 31 12 are
1878 3337 19 12 so

1318 3356 4 39 i
1346 3370 43 20 slow
1406 3369 18 19 in
1433 3364 111 26 performing
1557 3361 47 20 their
1619 3360 50 22 duty.
1700 3358 52 19 Some
1763 3356 19 20 of
1801 3356 50 19 them
1866 3359 31 13 are

1318 3377 4 39 '
1348 3393 71 22 getting
1428 3390 50 19 .6700
1485 3391 20 15 to
1515 3387 51 18 1800
1581 3391 11 12 a
1599 3390 48 18 year,
1665 3383 35 18 and
1708 3383 9 17 I
1729 3380 53 18 think
1791 3379 43 22 they
1843 3377 56 21 ought

1318 3400 2 32 '
1348 3416 50 17 hobo
1406 3412 56 18 called
1469 3416 48 17 upon
1526 3411 19 15 to
1554 3409 72 20 present
1638 3406 48 15 their
1694 3404 70 21 reports
1774 3409 25 11 on
1805 3403 30 17 the
1844 3402 27 17 let
1879 3400 19 17 of

1318 3422 5 33 '
1349 3436 87 19 January,
1449 3438 20 12 or
1478 3437 41 15 very
1539 3435 43 12 soon
1594 3426 112 19 afterwards.
1731 3424 57 20 (Loud
1800 3422 97 21 applause.)

1318 3456 6 12 '
1349 3457 54 19 After
1410 3455 81 20 alluding
1499 3455 20 15 to
1531 3451 27 17 bin
1571 3449 124 22 appointment
1702 3452 24 11 on
1739 3446 31 17 the
1782 3443 117 19 Commission

1349 3482 20 18 to
1382 3477 106 24 investigate
1500 3475 32 19 the
1545 3472 72 19 Labour
1630 3471 58 19 Laws,
1702 3469 32 19 the
1746 3468 40 18 hon.
1799 3467 100 27 gentleman

1350 3501 97 21 continued
1454 3488 4 34 :
1469 3498 35 18 We
1513 3502 48 13 come
1569 3501 39 13 now
1618 3495 20 18 to
1644 3494 32 18 the
1683 3491 81 22 question
1773 3491 20 15 at
1800 3494 47 13 isme
1856 3488 44 19 with

1350 3533 35 15 you
1394 3524 66 21 to-day,
1468 3521 35 19 and
1512 3520 40 18 that
1557 3517 81 22 question
1643 3514 130 19 is—reduction
1780 3519 20 12 or
1807 3519 24 12 no
1839 3511 51 17 realm-

1013 3554 74 5 -
1351 3547 44 18 floe.
1419 3546 9 17 I
1436 3544 60 21 regret
1502 3542 41 17 that
1557 3540 9 18 I
1573 3540 44 17 have
1625 3539 37 17 had
1676 3540 20 14 to
1703 3541 50 12 come
1760 3535 43 18 here
1809 3540 22 12 on
1841 3533 43 18 Ruch
1891 3539 11 11 a

771 3572 115 20 CANNOCK
900 3572 78 18 CHASE
996 3566 210 20 STRIEE.—APPEAL
1220 3559 56 24 FOR.
1285 3563 41 17 AID
1354 3567 87 25 question.
1465 3566 47 17 lam
1519 3563 66 20 always
1592 3559 71 24 pleaned
1671 3559 19 17 to
1704 3559 47 17 meet
1762 3557 50 20 larg,e
1817 3555 60 17 babes
1884 3554 19 18 of

869 3594 32 17 TO
920 3592 169 19 13SFINANCIAL
1108 3588 124 19 MEMBERS.
1352 3598 41 12 men
1401 3589 52 18 when
1460 3592 59 17 wages
1526 3591 30 12 are
1564 3583 63 21 rising.
1639 3582 43 17 lam
1691 3579 65 22 always
1763 3579 59 18 better
1831 3576 71 22 pleased

875 3626 24 17 To
912 3625 27 17 the
952 3625 65 17 Editor
1026 3624 22 20 of
1055 3622 27 17 the
1095 3625 11 6 ‘•
1115 3622 39 15 EX,I
1157 3621 44 17 Mine
1354 3615 20 17 to
1389 3613 46 18 meet
1443 3611 50 19 them
1500 3609 19 17 in
1534 3613 11 12 a
1556 3606 45 22 high
1616 3605 37 19 tide
1659 3605 18 17 of
1685 3601 100 24 prosperity
1792 3601 44 18 then
1846 3599 19 19 in
1872 3599 31 19 the

1354 3637 34 17 low
1395 3634 38 18 tide
1441 3633 18 18 of
1467 3631 9 20 a
1476 3631 86 20 dversity.
1585 3630 25 15 At
1630 3628 30 17 the
1670 3631 50 13 same
1734 3625 50 19 time,
1799 3625 86 15 however.
1894 3622 9 17 I

796 3659 57 15 DEAR
860 3657 12 17 R
872 3657 12 17 l
883 3657 85 17 R.—Your
977 3659 53 17 paper
1036 3654 53 18 being
1094 3652 60 21 widely
1163 3651 97 18 circulated
1267 3651 19 14 in
1293 3650 37 15 this
1355 3657 43 17 tithe
1413 3657 31 15 the
1460 3654 66 19 liberty
1539 3651 19 18 of
1571 3650 103 20 expressing
1694 3653 28 15 my
1735 3646 83 21 opinions
1832 3651 9 12 a
1841 3651 9 12 s
1858 3645 37 17 fear
1894 3645 9 17 s

776 3679 76 17 distriet,
865 3683 24 11 we
904 3677 31 17 the
951 3676 105 17 authorities
1067 3676 18 14 of
1100 3673 84 17 Cannock
1199 3672 58 17 Chase
1265 3671 19 17 of
1294 3670 31 17 the
1356 3678 52 20 lessly
1416 3677 51 17 when
1474 3676 51 15 these
1538 3672 61 20 things
1612 3677 31 11 are
1651 3670 73 17 adverse
1737 3674 19 11 an
1766 3667 50 15 when
1824 3666 43 21 they
1874 3671 30 12 are

778 3698 133 22 Amalgionatial
931 3697 110 17 Association
1059 3696 18 15 of
1095 3696 66 15 Miners
1176 3694 56 15 desire
1246 3694 20 14 to
1278 3692 51 17 make
1363 3699 50 18 nab
1423 3700 37 15 tter
1469 3696 83 22 position.
1577 3692 40 18 Ana
1624 3697 39 12 now
1671 3691 59 18 hime
1739 3696 32 14 stty
1778 3689 100 18 this—that
1885 3693 20 9 as

777 3723 63 17 known
848 3723 19 15 to
875 3722 31 17 the
914 3719 64 22 piddle,
986 3718 40 18 that
1035 3717 51 19 tvbik
1093 3722 25 12 we
1127 3722 19 12 as
1154 3715 81 18 financial
1244 3713 87 17 unionists
1357 3722 57 19 men's
1421 3724 59 18 wages
1486 3723 22 17 go
1515 3723 24 17 up
1547 3716 51 18 when
1605 3713 39 19 coal
1657 3719 20 12 or
1685 3713 39 17 iron
1736 3711 78 18 advance
1822 3710 19 18 in
1852 3709 44 22 price
1896 3709 9 22 ,

778 3751 30 12 are
816 3745 18 15 ill
843 3743 89 22 re,ption
941 3742 17 17 of
972 3746 32 11 our
1017 3742 53 15 union
1082 3745 33 15 pay
1123 3744 25 11 we
1162 3738 57 21 grieve
1231 3739 19 15 to
1258 3736 44 18 have
1311 3736 19 17 to
1357 3750 41 13 men
1407 3745 47 15 must
1462 3741 18 19 of
1488 3738 89 22 necessity
1587 3738 22 17 be
1623 3735 86 25 prepared
1716 3737 20 17 to
1744 3735 21 18 be
1773 3733 74 18 reduced
1856 3732 51 17 when

780 3768 61 18 record
847 3768 51 17 there
906 3771 28 11 are
944 3770 9 12 a
960 3765 48 19 great
1022 3763 73 18 number
1108 3762 19 18 of
1140 3768 32 11 our
1180 3761 65 18 millers
1252 3759 39 17 who
1304 3763 28 12 are
1518 3755 4 31 •
1541 3755 6 2 -

1357 3768 39 19 coal
1404 3772 20 12 or
1431 3767 40 17 iron
1479 3764 53 18 lower
1546 3768 21 13 or
1583 3759 84 20 diminish
1675 3759 19 17 in
1700 3758 18 22 pr
1717 3758 35 22 ice.
1775 3756 38 19 The
1826 3761 22 17 wa
1848 3761 12 17 g
1860 3761 24 17 es
1889 3755 19 18 of

780 3793 32 14 not
827 3789 73 18 entitled
915 3790 19 14 to
951 3793 33 15 any
998 3787 65 15 benefit
1077 3785 46 15 from
1139 3789 32 12 our
1186 3783 59 18 funds.
1258 3782 34 18 and
1304 3787 28 11 are
1344 3782 2 26 •

781 3813 85 15 suffering
878 3810 52 17 much
941 3809 89 21 privation
1043 3808 19 15 in
1072 3811 125 15 consequence.
1220 3806 38 14 Tie
1265 3803 69 17 district
1344 3801 4 30 I
1359 3811 19 17 of
1387 3816 33 11 one
1427 3810 59 19 thing,

1358 3790 31 18 the
1396 3789 90 18 'workmen
1493 3785 34 18 and
1534 3784 31 18 the
1573 3783 63 24 profits
1648 3782 19 18 of
1672 3781 31 19 the
1711 3781 98 20 employers
1817 3784 48 12 come
1877 3778 32 17 out

1505 3807 34 18 and
1554 3813 32 11 one
1599 3803 115 18 alone—that
1726 3803 21 19 is,
1759 3802 47 17 what
1819 3801 31 17 the
1864 3806 34 12 com-

782 3834 32 17 has
821 3833 79 20 liberally
909 3830 98 21 responded
1015 3831 19 14 to
1042 3829 47 17 their
1096 3830 56 14 x-ants
1160 3827 34 17 aud
1199 3827 46 15 shall
1252 3826 83 15 continue
1345 3826 2 27 I

1361 3833 40 18 mod
1408 3833 20 20 by
1442 3830 73 18 realises
1531 3828 18 18 M
1560 3827 32 19 the
1604 3827 77 17 market.
1704 3824 17 17 If
1728 3824 52 17 coa
1781 3822 40 18 Ifalls
1831 3824 19 15 to
1857 3821 25 18 6s.
1891 3827 19 12 or

782 3859 19 13 to
809 3856 18 15 lo
834 3861 20 11 as
859 3855 27 17 far
893 3853 37 18 anis
934 3852 111 22 practicalde.
1058 3850 96 17 Therefore
1157 3855 25 9 we
1192 3846 143 24 apperilthrough
1361 3856 26 15 its,
1395 3860 11 12 a
1411 3855 38 19 ton,
1462 3853 15 17 it
1491 3853 15 15 is
1518 3849 66 21 utterly
1593 3847 102 22 impossible
1707 3846 28 18 for
1742 3846 31 17 the
1786 3844 97 21 employers
1891 3846 19 14 to

782 3879 31 18 the
828 3878 78 18 medium
921 3875 18 17 of
952 3880 44 18 your
1007 3879 54 18 pap,
1074 3874 18 17 to
1101 3878 9 12 a
1117 3870 105 19 benevolent
1235 3868 58 24 public
1302 3867 34 18 and
1346 3867 2 31 •

782 3901 51 18 trade
840 3900 79 18 ere:bites
926 3899 27 17 for
961 3898 126 20 eubseriptions
1095 3898 20 15 to
1122 3895 28 17 aid
1159 3894 24 17 all
1191 3893 43 18 such
1241 3892 38 17 who
1291 3892 45 17 More
1368 3883 25 12 tae
1393 3883 9 12 -
1415 3878 25 17 45.
1457 3880 30 18 per
1505 3875 32 17 ton
1560 3872 30 19 for
1616 3870 31 18 the
1671 3868 70 24 getting
1767 3867 19 18 of
1811 3866 31 19 the
1867 3866 43 18 coal.

1108 3918 57 15 While
1178 3922 25 9 we
1214 3920 40 15 may
1267 3914 70 21 deplore
1349 3914 1 26 I
1364 3924 14 17 h
1378 3924 14 17 „

1348 3885 1 37 I
1362 3885 7 34 /
1369 3885 33 34 Ilia
1416 3898 89 24 employer
1517 3896 33 18 has
1561 3895 28 17 his
1602 3893 53 24 profit
1663 3892 34 19 and
1706 3892 28 18 his
1742 3889 72 22 capital.
1838 3889 30 17 He
1880 3888 31 18 has

783 3930 24 9 no
815 3924 38 15 eth.
857 3928 37 9 em.
898 3927 35 11 ans
941 3921 18 15 of
972 3920 112 17 subsistence.
1411 3921 54 22 profit
1485 3919 35 19 and
1544 3918 21 18 he
1583 3918 32 17 ha,
1636 3915 27 17 his
1683 3915 54 17 losses
1761 3917 19 14 to
1804 3914 53 18 meet,
1877 3911 37 18 and

772 3931 1 34 ,
783 3945 31 15 tier
822 3950 51 9 eanse
882 3944 18 14 of
912 3944 35 14 tads
956 3941 61 20 iippeal
1025 3946 24 9 wc
1057 3940 67 15 believe
1133 3944 24 9 we
1166 3944 28 9 are
1202 3938 41 19 only
1252 3937 52 19 doing
1316 3940 21 11 '''
1349 3931 2 34 i
1363 3944 41 17 that
1423 3943 91 17 condition
1533 3940 15 17 is
1566 3944 20 12 an
1603 3943 92 14 necessary
1715 3938 9 14 t
1724 3938 9 14 o
1753 3935 21 15 be
1793 3937 37 14 met
1846 3939 20 12 as
1881 3933 31 17 the

772 3953 1 32 '
785 3966 27 14 act
826 3964 18 15 iif
860 3964 46 17 right
921 3964 18 14 to
952 3963 52 14 those
1011 3960 70 17 wishful
1094 3961 19 14 to
1121 3958 85 17 maintain
1221 3958 19 14 in
1252 3960 86 11 common.
1349 3956 43 26 la.
1364 3970 15 12 w
1393 3970 30 15 ges
1429 3964 18 17 of
1455 3964 31 15 the
1493 3961 93 17 workman
1598 3958 28 17 for
1635 3958 28 17 his
1676 3957 96 17 existence.
1799 3956 12 15 T
1811 3956 35 15 hat
1860 3953 53 17 being

785 3986 46 17 their
840 3985 56 18 riehts
907 3984 35 17 and
954 3983 93 22 privileges
1058 3981 43 17 with
1108 3980 52 18 those
1167 3979 39 17 Mat
1213 3983 30 13 are
1252 3977 87 17 tinmcial.
1351 3977 1 28 i

787 4009 30 18 We
829 4009 90 18 therefore
935 4005 77 24 earnestl
1012 4005 11 24 y
1038 4004 64 25 neural
1114 4005 19 17 to
1141 4009 11 13 a
1166 4000 104 20 benevelent
1283 3998 58 25 public

1351 3974 1 31 r
1365 3986 31 18 the
1422 3990 46 15 case,
1495 3983 50 20 then,
1572 3985 26 13 we
1630 3984 30 12 are
1685 3977 60 19 bound
1770 3978 19 15 to
1813 3976 41 18 look
1878 3974 37 17 this

1367 4009 65 20 matter
1446 4006 46 24 fully
1507 4006 19 19 in
1541 4004 30 20 the
1586 4003 48 19 face:
1652 4000 35 20 and
1700 3999 18 20 in
1733 3999 73 22 looking
1818 4002 19 15 at
1847 3997 15 19 it
1874 3997 19 19 in
1905 4003 11 13 a

788 4033 27 15 for
823 4032 92 15 donations
930 4032 19 14 to
960 4030 21 17 be
996 4029 51 17 made
1063 4028 71 21 payable
1149 4028 22 20 by
1180 4031 64 12 MOD,
1257 4024 51 18 l,cliole
1322 4029 20 12 Or

789 4054 97 15 otherwise.
893 4055 20 13 to
921 4051 58 17 Charli
986 4057 7 9 s
1002 4050 84 18 Howells.
1095 4049 76 18 District
1354 4019 2 61 1
1180 4044 76 24 secrefar?
1256 4044 8 24 .
1264 4044 9 24 .
1283 4048 58 14 Chace
1367 4032 48 18 right
1423 4031 92 18 direetion,
1524 4035 24 12 no
1556 4035 32 12 one
1596 4028 39 17 who
1643 4028 47 17 casts
1698 4025 27 17 his
1735 4030 40 17 eyes
1783 4019 66 22 abroad
1857 4029 22 12 on
1885 4022 31 19 the

1368 4051 111 20 cOmmercial
1486 4051 91 17 condition
1584 4050 20 18 of
1611 4049 32 17 the
1650 4050 77 18 country
1734 4052 33 11 can
1782 4046 32 15 fail
1822 4048 19 14 to
1850 4050 33 11 see.
1896 4050 20 11 or

789 4075 81 17 Terrace,
880 4078 43 11 near
931 4072 79 15 Walsall.
1368 4075 21 18 be
1396 4074 103 18 convinced
1506 4072 41 17 that
1554 4077 11 11 a
1573 4076 43 15 very
1628 4071 51 19 great
1685 4068 69 20 change
1760 4068 33 15 has
1805 4067 54 17 taken
1867 4067 50 20 place

943 4094 25 20 By
977 4094 51 15 order
1036 4093 18 15 of
1062 4091 31 17 the
1101 4090 112 17 Committee,

1139 4113 47 17 Lem
1198 4113 122 19 Hrtieurees,
1369 4096 18 18 in
1395 4096 31 18 the
1434 4095 46 19 state
1487 4094 19 19 of
1518 4094 31 18 the
1559 4093 51 18 trade
1617 4090 64 18 within
1697 4089 31 18 the
1743 4089 35 18 last
1793 4088 33 18 few
1839 4088 78 18 months.

1370 4120 64 20 (Han
1442 4117 50 19 hear.
1507 4116 35 18 and
1554 4114 97 24 applause.)
1676 4111 52 19 Until
1744 4111 32 18 five
1793 4110 71 19 months
1883 4115 34 18 ngo

1140 4136 21 15 li.
1173 4135 90 17 PICKARD.
1336 4154 13 17 ,
1369 4142 52 17 there
1427 4146 37 13 was
1474 4140 30 18 for
1511 4142 35 14 two
1551 4143 51 19 Tears
1610 4143 22 11 an
1641 4135 97 21 ascending
1744 4134 35 19 and
1788 4133 100 22 expanding
1900 4134 18 17 in

826 4179 175 19 ENGINEMEN'S
1012 4179 90 17 WAGES
1119 4176 53 18 AND
1185 4175 83 18 HOURS
1279 4175 32 17 OF
1370 4165 64 19 prices,
1441 4162 40 19 but,
1491 4161 56 25 errices
1551 4156 70 22 'benne
1628 4159 64 17 turned
1698 4157 19 17 of
1722 4157 43 17 late,
1773 4156 96 21 employers
1874 4156 45 15 have

1023 4204 85 19 WORK.
1370 4183 59 21 began
1436 4185 19 15 to
1463 4182 69 19 shrink,
1540 4181 35 17 and
1584 4181 30 17 the
1625 4179 57 18 result
1690 4179 15 18 is
1714 4179 40 17 that
1762 4179 46 15 from
1817 4182 32 12 one
1860 4178 35 17 end
1900 4176 19 17 of

1371 4206 31 18 the
1408 4206 76 20 country
1493 4208 19 13 to
1518 4204 30 17 the
1556 4202 52 18 other
1611 4201 32 18 the
1649 4201 58 17 notice
1715 4200 18 18 of
1739 4199 93 19 reduction
1839 4199 32 18 has
1876 4198 44 18 been

895 4239 22 18 Ti
930 4238 27 18 the
971 4238 63 17 Editor
1044 4241 22 14 of
1076 4235 26 17 the
1239 4234 13 17 -
1372 4227 84 18 sounded.
1480 4226 21 18 In
1508 4225 51 19 those
1566 4225 80 18 districts
1658 4224 58 18 where
1729 4222 31 18 the
1775 4221 86 18 advances
1877 4220 44 18 have

1372 4251 45 18 been
1424 4251 31 18 the
1463 4250 72 21 highest
1544 4248 30 18 the
1583 4246 84 19 demands
1675 4246 27 18 for
1708 4251 11 13 a
1724 4245 93 18 reduction
1826 4244 44 19 have
1877 4244 45 18 been

817 4271 152 21 Stn.—Someone
978 4270 32 17 has
1018 4267 93 19 remarked
1121 4266 18 17 in
1154 4271 45 17 your
1215 4265 47 18 issue
1271 4264 18 19 of
1298 4264 51 22 April
1358 4250 2 48 '
1374 4274 78 24 greatest
1460 4250 4 48 :
1475 4271 33 19 but
1517 4271 31 18 the
1556 4270 67 19 notices
1636 4270 53 20 have,
1697 4270 61 20 except
1772 4267 18 17 in
1801 4272 33 12 one
1851 4250 5 48 -
1869 4266 22 17 It

795 4294 44 17 25th
843 4297 20 14 to
872 4294 30 15 the
909 4293 53 15 effect
971 4292 40 17 that
1020 4291 35 17 Mr.
1064 4290 47 18 John
1121 4289 89 20 Colledge.
1217 4286 70 21 general
1294 4292 54 11 seem-
1850 4272 19 12 so
1877 4272 5 39 i
1891 4272 31 15 ary

1343 4289 4 27 .
1374 4297 80 17 instance
1461 4294 45 17 been
1513 4292 71 24 general
1592 4290 111 22 throughout
1715 4290 32 18 the
1759 4291 80 19 errantry.
1861 4289 61 17 Wales

796 4318 40 19 tarp
846 4317 19 17 to
873 4316 30 17 the
911 4313 138 18 Warwickshire
1065 4311 35 18 and
1115 4309 138 19 Leicestershire
1272 4309 69 17 Miners

797 4337 118 18 Aseoeiation,
926 4336 38 18 said
971 4336 14 18 it
994 4335 34 18 had
1043 4335 46 17 been
1103 4331 83 22 reported
1201 4333 20 14 to
1237 4330 37 18 him
1284 4330 40 18 that
1337 4336 9 11 a
1375 4317 14 18 lA
1402 4318 18 15 at
1428 4317 31 17 the
1469 4316 72 21 present
1550 4315 77 17 moment
1635 4312 57 18 under
1700 4312 57 17 notice
1765 4311 47 18 fern
1819 4310 91 18 redaction
1918 4310 5 45 ;

1376 4338 56 18 South
1439 4336 128 19 Staffordshire
1572 4335 15 19 is
1600 4342 39 11 now
1651 4333 80 22 engaged
1740 4333 19 17 in
1766 4339 11 11 a
1786 4332 54 18 strike
1852 4332 71 22 against

797 4361 74 18 nnmber
878 4359 19 19 of
901 4359 105 21 engiuemen
1013 4356 35 19 had
1056 4356 45 18 been
1108 4354 79 22 brought
1199 4355 19 15 to
1226 4352 35 18 Bed
1261 4352 24 18 wo
1285 4352 24 18 rt
1309 4352 13 18 h
1330 4355 19 15 to
1362 4352 1 28 ,
1375 4367 11 13 a
1394 4361 92 19 reduction
1514 4359 21 18 In
1546 4356 172 21 Northumberland,
1728 4356 30 19 the
1773 4356 51 21 great
1839 4355 84 19 northern

797 4383 50 18 work
854 4383 31 18 the
893 4382 73 22 engines
974 4381 41 19 that
1023 4380 37 18 had
1068 4380 44 17 been
1120 4377 33 18 left
1167 4376 37 18 idle
1213 4377 18 17 at
1239 4381 11 13 a
1258 4375 91 19 reduction
1487 4374 5 31 '

1454 4383 32 18 the
1493 4388 40 13 men
1584 4383 59 17 notice
1658 4385 20 13 or
1683 4385 24 12 an
1739 4384 31 17 per
1773 4380 47 17 cont.
1832 4377 91 18 reduction

798 4407 19 18 of
826 4407 35 20 I.os.
869 4411 31 15 per
908 4407 45 17 cent.
964 4404 18 17 in
990 4403 47 18 their
1044 4407 64 17 wages.
1140 4400 18 18 It
1169 4400 17 17 is
1199 4398 33 18 the
1239 4397 45 19 wish
1290 4397 18 18 of
1320 4381 256 35 thehad
1617 4361 4 66 '
1650 4381 7 17 f
1711 4380 21 18 18
1773 4361 12 17 g

800 4429 66 21 society
873 4428 30 18 for
911 4433 27 13 me
945 4428 20 18 to
972 4433 32 15 say
1017 4426 39 18 that
1071 4424 31 17 the
1120 4423 96 17 statetnent
1234 4421 17 19 is
1264 4421 87 18 incorrect
1376 4407 19 18 in
1402 4414 15 11 w
1376 4387 71 20 county.

1442 4403 18 21 e,
1491 4406 31 21 My
1530 4404 60 18 friend
1597 4403 35 18 Mr.
1642 4403 47 17 Burt
1695 4402 34 18 left
1741 4401 74 19 London
1828 4407 24 13 on
1858 4401 66 18 Friday

1376 4429 40 21 last,
1424 4429 35 17 and
1524 4427 53 19 north
1584 4428 20 17 to
1617 4427 47 17 meet
1678 4426 31 18 the
1724 4424 103 21 employers.
1852 4423 26 18 He
1889 4419 37 21 met

798 4452 35 17 unit
841 4450 65 21 totally
919 4449 78 18 without
1010 4446 111 20 foundation,
1134 4446 28 17 for
1174 4444 32 17 the
1219 4443 73 21 Charity
1311 4443 39 18 Col-
1376 4442 19 18 A

1363 4446 1 44 ,
1377 4457 54 12 teem.
1440 4452 35 18 and
1482 4456 24 12 on
1513 4449 90 21 Saturday
1610 4448 96 18 afternoon
1711 4447 9 18 I
1728 4447 35 18 had
1770 4453 12 12 a
1789 4446 85 22 telegram
1883 4447 35 17 etan-

798 4473 45 19 liery
854 4472 110 20 (Beaworth)
980 4470 106 21 enginemen
1102 4472 45 13 were
1162 4466 54 19 asked
1232 4467 19 17 to
1270 4466 48 17 work
1332 4467 18 15 at
1377 4474 31 20 ing
1416 4470 40 21 that
1465 4473 43 20 they
1515 4472 35 18 had
1558 4478 11 11 a
1600 4478 11 11 n
1636 4470 11 17 d
1654 4470 28 17 for
1709 4470 21 15 10
1737 4474 32 17 per
1806 4472 8 13 t
1839 4468 32 17 edit
1884 4459 11 13 ..

800 4494 47 17 their
855 4493 30 17 old
893 4498 65 14 wages.
965 4493 19 15 at
997 4492 25 15 An.
1030 4492 28 15 SI.
1072 4491 30 15 for
1115 4488 52 19 eight
1180 4488 59 17 hours'
1253 4487 54 19 work,
1317 4487 34 17 and
1377 4495 48 15 That
1440 4489 50 21 bower
1489 4489 9 21 s
1499 4489 11 21 °
1528 4488 9 8 -.

1377 4517 48 17 Thos
1570 4475 30 33 rr'
1599 4475 19 33 in
1618 4475 20 33 ge
1638 4475 50 33 which
1688 4475 11 33 a
1698 4475 11 33 l
1717 4492 46 14 shall
1772 4474 6 32 n
1778 4474 13 32 ce
1791 4474 13 32 ot
1804 4474 7 32 n
1811 4474 21 32 n'o
1832 4474 7 32 r
1839 4474 7 32 w
1852 4470 21 34 dii
1873 4470 7 34 '
1880 4470 7 34 e
1887 4470 7 34 t
1894 4470 22 34 uTe
1917 4470 8 34 .

800 4514 43 21 they
852 4513 20 18 0(
872 4513 9 18 .
881 4513 41 18 11.1
932 4514 19 15 to
958 4512 50 18 work
1023 4513 20 15 at
1057 4511 40 17 that
1114 4509 53 21 price.
1200 4508 52 20 Now,
1260 4507 51 18 when
1320 4507 31 18 the
1427 4507 9 26 e'
1447 4520 41 12 men
1496 4499 13 32 ha
1509 4499 6 32 r
1515 4499 14 32 e'
1532 4495 6 40 e
1538 4495 6 40 '
1544 4495 13 40 ll
1557 4495 6 40 '
1563 4495 13 40 gr
1576 4495 14 40 im
1590 4495 28 40 eed.
1618 4495 7 40 t
1642 4512 25 18 At
1680 4512 31 18 the
1726 4513 72 20 present
1812 4495 77 32 moment
1897 4495 31 31 the

801 4535 58 19 South
867 4533 129 21 Staffordshire
1007 4532 105 25 enginemen
1127 4532 30 22 got
1170 4531 63 21 theirs,
1246 4530 43 24 they
1297 4530 56 18 asked
1364 4530 2 50 ,
1417 4569 11 11 v

1450 4561 44 18 hove

1454 4538 19 19 of
1492 4537 31 20 the
1541 4537 66 18 miners
1626 4534 19 20 of
1662 4534 80 19 Durham
1754 4539 31 13 are
1796 4532 57 19 under
1864 4531 64 20 notice.

801 4560 22 18 fir
823 4560 7 18 ,
830 4560 8 18 .
847 4559 54 18 about
909 4558 30 19 the
947 4557 98 20 reduction,
1056 4557 35 19 and
1100 4556 43 21 they
1150 4554 38 20 said
1195 4554 52 19 there
1256 4559 35 13 was
1300 4559 51 13 none.
1378 4563 50 21 They
1517 4560 35 18 had
1574 4559 89 22 meetings
1685 4557 77 24 already,
1786 4557 35 19 and
1839 4557 41 22 they
1897 4561 31 12 are

788 4577 1 28 I
802 4583 32 17 but
842 4583 56 17 asked
906 4587 33 12 our
947 4587 40 11 men
996 4583 19 15 to
1023 4586 22 17 go
1054 4580 35 17 and
1096 4579 50 17 work
1161 4579 19 17 in
1194 4578 48 18 their
1258 4577 59 21 places
1324 4577 30 18 till
1380 4589 9 14 1
1389 4589 9 14 .
1416 4581 17 20 -,
1535 4577 4 28 .
1633 4577 4 28 .

789 4578 1 47 r
802 4604 84 19 Monday.
895 4603 50 20 April
953 4603 48 17 27th,
1010 4603 35 15 and
1056 4603 44 15 then
1113 4603 43 14 thee
1167 4600 59 15 would
1239 4599 32 17 call
1280 4604 11 12 a
1299 4600 54 15 meets
1434 4590 32 12 ace
1488 4585 87 18 meettngs
1597 4589 60 14 again,
1682 4581 34 17 ana
1739 4580 8 18 I
1770 4580 45 17 have
1834 4585 22 12 to
1873 4578 54 18 doubt

789 4600 1 51 1
802 4624 32 22 ing
842 4624 19 18 of
873 4624 66 18 miners
947 4623 35 18 and
994 4623 41 18 then
1049 4623 43 20 they
1100 4617 58 26 miglit
1167 4626 21 15 go
1200 4623 20 15 to
1235 4620 50 17 work
1302 4619 52 17 after.
1380 4606 87 15 whatever
1489 4605 41 17 that
1552 4604 32 17 the
1607 4604 45 20 good
1676 4609 50 11 sense
1743 4603 19 17 of
1781 4602 97 20 employers
1891 4600 38 15 and

1380 4626 91 21 employed
1480 4626 18 17 in
1506 4625 39 17 that
1553 4625 66 20 county
1632 4624 35 17 will
1681 4623 61 18 enable
1755 4623 51 18 them
1818 4624 19 15 to
1844 4622 37 18 tide
1887 4626 43 12 over

789 4642 1 35 I
1026 4645 58 17 Yours
1090 4642 110 22 obediently.
1367 4642 1 35 '

1096 4667 85 18 THOMAS
1193 4665 65 17 S.telf.
1381 4649 31 18 the
1427 4648 91 21 difficulty,
1533 4648 35 17 and
1584 4646 41 17 that
1641 4646 30 15 the
1687 4648 66 14 matter
1768 4644 35 17 will
1812 4644 20 17 be
1844 4642 86 22 arranged

789 4681 2 22 I

977 4690 92 22 Secretary
1077 4691 19 15 to
1103 4689 35 18 No.
1147 4688 11 18 3
1166 4688 78 19 Branch.
1253 4687 48 21 King
1310 4685 46 21 Hill,
1368 4665 1 47 ,
1381 4671 77 17 without
1472 4676 11 12 a
1494 4669 58 19 etrike
1565 4675 20 12 or
1597 4668 85 18 lock-oat.
1715 4668 39 17 The
1766 4668 66 17 miners
1846 4667 19 18 of
1878 4665 52 17 West

1139 4710 130 22 Weanesbury.

1367 4688 2 25 I
1382 4694 98 19 Yorkshire
1486 4693 46 18 hare
1539 4691 39 18 :Ilso
1585 4690 34 18 had
1632 4690 58 18 notice
1703 4689 18 18 of
1730 4695 11 12 a
1755 4689 97 18 reduction.
1861 4688 35 19 and
1906 4694 24 13 on

790 4711 1 19 1

790 4711 1 48 '
803 4739 146 21 Fttetory-street.
959 4736 104 22 Darlasten,
1069 4734 58 20 South
1133 4733 135 20 Staffordshire,
1368 4711 1 48 i
1382 4716 66 22 Friday
1456 4716 96 17 afternoon
1569 4714 35 19 Mr.
1619 4714 70 20 Holms,
1704 4719 24 12 on
1735 4713 60 18 behalf
1812 4713 18 19 of
1838 4713 30 18 the
1876 4711 56 19 work-

847 4761 52 22 April
906 4761 27 21 '29,
943 4760 48 19 1874.
1382 4746 39 13 men
1430 4739 35 19 and
1482 4737 70 22 myself,
1563 4740 35 15 met
1611 4740 35 14 two
1661 4735 100 24 gentlemen
1769 4741 24 12 on
1804 4735 61 18 behalf
1874 4734 18 19 of
1902 4734 30 19 the

1368 4757 2 28 1
1382 4762 104 21 employers,
1494 4761 37 18 and
1538 4766 26 12 we
1573 4759 89 21 arranged
1669 4759 30 18 for
1709 4763 12 12 a
1728 4760 103 20 temporary
1838 4759 54 18 truce.
1902 4757 31 17 the

865 4805 67 18 HELP
946 4805 50 17 FOR
1010 4804 53 17 THE
1078 4801 103 18 DUDLEY
1199 4779 4 44 -
1202 4801 14 17 .t.
1221 4779 5 44 :
1232 4799 70 18 NERS.
1369 4779 1 44 ,
1382 4791 40 11 meu
1431 4785 20 17 to
1460 4789 21 15 go
1488 4789 24 11 on
1519 4785 20 14 at
1547 4782 31 20 121
1587 4787 31 17 per
1628 4782 46 15 cent,
1689 4780 28 18 for
1726 4786 11 11 a
1744 4780 69 21 month,
1824 4780 34 18 and
1865 4780 39 18 that
1916 4779 15 18 if

1369 4801 1 25 I
1383 4806 61 20 things
1454 4805 28 17 did
1491 4805 32 17 not
1531 4806 30 19 get
1576 4804 66 19 better,
1656 4802 30 15 the
1700 4801 56 17 whole
1767 4802 65 15 matter
1845 4804 19 15 to
1873 4802 22 15 be

889 4835 25 17 To
924 4835 30 17 the
924 4835 30 17 the
965 4834 70 17 Editor
1046 4833 22 21 of
1078 4833 30 18 the
1251 4831 13 19 -
1369 4822 1 32 I
1382 4827 59 17 ferret
1449 4828 19 15 to
1478 4826 35 17 Mr.
1521 4825 70 21 Rupert
1598 4824 69 20 Kettle,
1676 4824 27 15 for
1717 4822 40 17 that
1767 4822 100 17 gentleman
1873 4825 20 14 to
1905 4822 27 17 de-

824 4860 20 18 Si
848 4859 86 22 o.,—Will
944 4864 34 18 you
984 4858 64 22 kindly
1056 4857 52 19 allow
1115 4861 33 13 me.
1156 4854 80 22 through
1239 4859 50 22 jeer
1296 4858 60 18 paper,
1382 4848 39 18 ride
1433 4847 48 18 what
1489 4846 93 19 reduction
1591 4845 56 24 ought
1655 4846 19 17 to
1682 4844 20 18 be
1715 4844 58 18 mad,
1795 4844 24 18 So
1826 4844 37 18 late
1870 4850 18 12 as
1897 4850 35 15 yes.

803 4886 19 14 to
830 4883 66 18 inform
905 4883 31 18 the
944 4881 59 21 public
1011 4881 40 18 that
1061 4880 31 18 the
1100 4878 86 19 members
1199 4877 20 19 of
1230 4877 34 19 No.
1271 4877 12 18 3
1291 4877 65 21 Lodge.
1382 4871 64 22 terday
1454 4870 8 19 I
1472 4871 34 18 met
1514 4876 33 12 one
1563 4869 19 18 of
1597 4869 32 18 the
1643 4867 98 22 employers
1748 4866 20 18 in
1780 4865 85 20 Cannock
1871 4866 63 18 Chaoe.

803 4906 19 15 of
834 4905 32 17 the
874 4904 53 20 Salop
935 4903 70 18 district
1015 4903 45 18 have
1068 4903 53 20 given
1128 4903 20 17 to
1155 4902 31 17 the
1194 4900 67 17 miners
1270 4904 22 13 on
1302 4899 56 17 sheke
1369 4889 1 35 '
1383 4894 30 18 He
1421 4899 35 12 was
1469 4898 34 13 one
1515 4892 20 18 of
1550 4891 31 19 the
1592 4891 107 18 arbitrators
1711 4890 44 18 with
1773 4896 27 11 me
1815 4890 19 17 in
1845 4889 31 17 the
1884 4890 51 20 great

804 4928 22 14 in-
831 4928 31 14 the
870 4924 152 17 Dustless-district
1029 4924 31 15 the
1067 4929 40 9 sum
1115 4923 19 15 of
1137 4922 80 17 --.92;-for
1225 4920 138 17 whieh-weleet
1369 4910 2 32 ,
1381 4916 63 19 South
1448 4916 63 17 Wales
1518 4916 72 19 diepute
1597 4913 20 15 in
1625 4913 48 15 1871.
1701 4912 43 17 Chat
1753 4912 102 20 gentleman
1863 4910 35 17 Odd
1906 4916 27 12 me

804 4945 70 18 ortatly
888 4941 39 20 oblit
927 4941 7 20 ,
934 4941 25 20 rel
966 4930 4 33 :
983 4943 35 14 am/
1032 4948 37 13 any
1085 4942 72 14 further
1173 4942 130 18 subscriptions
1322 4941 35 14 for-
1369 4930 2 33 ,
1383 4937 41 14 that
1433 4937 21 14 be
1461 4936 44 19 only
1513 4935 66 15 wished
1587 4935 43 18 they
1635 4932 53 15 csihiuet
1693 4933 53 14 settle
1753 4933 31 14 the
1788 4933 85 14 Cannock
1878 4930 57 17 ebnite
1933 4930 1 33 -

804 4963 71 15 wonted
889 4964 20 13 tO
925 4962 32 14 the
971 4961 107 15 Committee
1091 4961 37 14 will
1141 4961 21 14 be
1170 4959 43 18 duly
1220 4957 138 19 acknowledged
1383 4955 71 18 dispute
1463 4955 22 18 by
1495 4955 31 13 the
1539 4957 48 11 some
1596 4956 60 11 means
1670 4951 44 17 they
1726 4950 63 15 eettled
1798 4950 30 14 the
1835 4949 69 18 dispete
1916 4950 19 14 in

807 4981 34 15 and
850 4981 106 20 thankfully
965 4980 85 17 received.
1080 4978 28 20 By
1116 4978 90 19 inserting
1213 4978 31 15 the
1252 4977 59 19 shove,
1323 4981 37 15 you
1383 4974 58 14 South
1448 4972 64 15 Wales
1519 4972 19 15 in
1546 4971 48 17 1971.
1618 4970 9 15 I
1636 4969 45 19 sand,
1765 4968 50 15 don't
1822 4972 35 9 von
1865 4967 21 14 do
1893 4968 15 14 it

806 5001 37 14 will
850 5001 64 19 oblige.
1370 4982 2 38 ,
1384 4993 35 15 and
1427 4993 22 15 he
1457 4991 74 20 replied,
1569 4990 9 17 I
1585 4989 53 17 think
1646 4988 61 20 tings
1715 4988 45 17 have
1769 4993 44 14 gone
1821 4982 31 20 too
1858 4985 39 15 far'
1910 4993 25 11 we

1370 5006 2 22 :
1384 5019 31 9 are
1422 5014 32 14 not
1462 5011 54 15 likelv
1525 5014 20 13 to
1552 5011 46 15 meet
1677 5008 9 17 I
1695 5008 45 19 said,
1748 5008 19 15 in
1775 5007 32 17 the
1813 5006 58 17 South
1877 5006 58 17 Wad.

1370 5026 4 40 I
1383 5033 37 32 dispu
1420 5033 15 32 on
1436 5033 17 32 L,
1453 5033 8 32 s
1461 5033 8 32 t
1469 5033 9 32 e
1479 5033 9 32 n
1495 5027 6 39 !
1501 5027 6 39 .
1507 5027 19 39 .ST
1526 5027 6 39 y
1532 5027 13 39 l,
1554 5030 34 32 the
1589 5030 12 32 n
1600 5030 35 32 mz.
1643 5028 41 33 h:..el
1684 5028 6 33 —
1690 5028 21 33 bee
1711 5028 14 33 no
1726 5028 7 33 l
1744 5027 8 32 o
1753 5027 8 32 b
1761 5027 8 32 t
1769 5027 8 32 f
1778 5027 17 32 l3
1794 5027 17 32 ,h
1811 5027 17 32 t:
1831 5027 46 20 eeks,
1884 5026 51 27 while

1385 5054 90 28 Zherefcre
1483 5070 35 13 you
1526 5070 31 11 are
1564 5066 39 14 half
1610 5066 59 13 better
1677 5065 39 14 able
1724 5066 19 12 to
1757 5063 64 14 meet.'
1858 5048 32 27 /le'
1898 5046 37 32 asl-a

1844 550 30 17 the
1883 554 40 12 men
1930 547 59 19 would
1996 549 32 14 not
2036 546 22 18 do
2067 546 21 17 it.
2101 546 8 17 I
2118 544 39 17 told
2164 544 37 14 him
2210 542 8 17 I
2228 546 53 13 never
2287 546 35 11 was
2328 542 19 13 at
2354 539 34 17 Can-

1858 572 33 18 ock
1899 570 63 18 Chase.
1970 569 32 17 but
2011 569 41 15 titat
2068 567 14 18 if
2091 567 22 18 he
2127 566 58 18 would
2197 569 53 15 agree
2258 566 19 13 to
2287 566 30 18 get
2326 561 30 18 the
2365 566 34 11 em.

1845 594 71 21 ployers
1922 593 21 17 to
1949 594 48 14 meet
2006 591 31 17 the
2044 595 47 14 men,
2099 588 9 17 I
2118 587 59 18 would
2183 592 24 15 go
2213 585 57 18 down.
2302 583 45 17 Now
2355 586 45 18 your

1846 613 111 25 proposition
1964 613 17 18 id
1988 612 20 19 in
2015 612 32 19 the
2054 617 50 14 saw
2112 609 94 18 direction.
2236 607 17 17 It
2262 606 14 18 is
2289 611 11 12 a
2310 605 44 17 wise
2361 608 40 15 one,

1846 638 37 18 and
1891 637 14 18 it
1912 637 17 17 is
1935 641 13 12 a
1954 635 39 21 just
2000 640 40 12 one.
2062 633 18 18 It
2088 633 15 18 is
2117 632 41 18 wise
2169 637 24 12 on
2204 634 45 18 your
2262 630 46 20 part.
2342 626 19 18 It
2373 631 28 12 ex.

1847 660 57 18 hlbits
1910 664 22 13 no
1941 657 58 19 ltsire
2007 663 18 12 to
2033 656 61 20 striliv,
2104 660 20 12 or
2130 658 19 13 to
2157 652 52 22 fight.
2243 651 18 18 It
2268 650 79 19 exhibits
2354 654 12 11 a
2374 647 19 17 de-

1848 683 35 18 sire
1891 683 19 17 to
1918 681 50 18 leave
1976 679 30 19 the
2015 678 56 18 whole
2079 677 81 22 questiou
2174 677 19 17 to
2202 674 21 18 be
2237 672 65 19 settled
2315 670 89 21 amicably

1850 705 80 17 between
1938 709 35 15 you
1981 709 22 9 au
2008 703 7 15 I
2022 707 45 14 your
2075 699 105 21 employers,
2193 696 35 19 and
2237 696 9 18 I
2256 696 52 18 think
2316 698 45 18 your
2369 698 24 12 em-

1851 726 70 21 ployers
1929 724 37 18 will
1972 724 22 17 be
2003 729 43 14 very
2054 722 66 18 nowise
2130 722 14 15 if
2156 720 43 20 they
2207 718 22 17 do
2243 720 33 14 not
2289 718 45 15 meet
2342 722 35 14 you
2386 715 19 17 iu

1852 748 31 19 the
1891 752 47 12 same
1946 746 38 21 just
1993 744 35 17 and
2037 742 103 19 reasonable
2154 741 60 22 spirit.
2249 737 112 22 (Applause.)
2396 736 8 17 I

1852 770 43 18 hold
1904 769 41 19 that
1957 768 25 18 all
1990 768 44 17 such
2041 767 76 17 matters
2127 770 20 11 as
2156 761 50 20 theSe
2212 761 57 19 ought
2278 764 18 13 to
2304 761 21 17 be
2342 757 65 19 settled

1853 794 19 18 in
1880 793 37 18 this
1924 797 45 17 way.
1993 790 38 17 Our
2039 791 51 20 great
2099 785 112 20 commercial
2219 785 85 17 interests
2314 781 57 22 ought
2376 781 31 18 not
2419 781 2 33 ,

1853 817 20 17 to
1880 815 22 18 be
1910 813 99 22 imperilled
2016 811 25 21 by
2048 810 32 18 the
2093 809 98 22 employers
2204 807 72 21 locking
2289 807 32 17 out
2340 810 22 12 on
2378 803 32 18 the

1854 843 34 12 one
1897 835 52 21 hand,
1958 841 20 12 or
1987 834 31 18 the
2024 839 41 12 men
2073 833 79 20 striking
2159 836 25 12 on
2191 830 32 17 the
2229 829 57 17 other.
2309 827 73 18 Instead
2391 827 19 17 of

1856 860 53 17 brute
1917 859 48 15 force
1972 856 54 19 being
2034 854 58 18 called
2104 853 39 17 into
2151 852 98 20 operation,
2256 856 20 11 as
2285 850 32 15 has
2329 849 44 17 been
2380 848 31 17 the
2421 848 1 28 ,

1857 885 40 13 case
1904 879 19 18 in
1930 879 43 24 days
1982 882 45 15 gone
2039 876 30 20 by,
2076 875 9 17 I
2098 874 43 17 hold
2147 873 41 18 that
2203 878 33 12 our
2250 870 97 18 education
2354 869 58 19 ought

1858 905 19 15 to
1884 901 22 18 be
1910 898 72 26 applied
1989 902 19 14 to
2015 898 60 18 better
2083 901 85 21 purposes
2179 894 46 18 than
2238 893 48 20 that,
2300 892 35 18 and
2343 892 40 17 that
2393 895 20 12 as

1858 924 105 21 koowle4e
1970 922 17 18 is
2001 921 54 22 being
2073 917 171 21 disseminated—as
2259 915 32 19 the
2316 919 38 13 awe
2372 912 41 19 that

1858 952 69 18 govern
1933 946 63 18 labour
2004 944 37 19 and
2052 944 32 17 the
2091 941 58 18 entire
2158 939 98 19 industries
2263 938 19 19 of
2295 938 32 18 the
2337 939 72 18 counter

1859 976 31 11 are
1897 969 93 19 becoming
1998 967 59 15 bettiv
2074 963 133 19 known—both
2223 961 91 21 employer
2333 959 35 18 oust
2380 965 8 11 e
2409 959 5 28 -

1860 990 63 24 ployed
1931 990 64 20 ought,
2002 989 20 15 in
2027 987 32 17 the
2062 986 86 17 interests
2156 985 19 17 a
2180 985 30 17 the
2217 983 111 20 community
2335 983 20 14 at
2360 981 14 15 Is

1861 1016 19 14 to
1886 1011 67 18 submit
1963 1010 31 19 the
1998 1009 57 18 whole
2063 1007 83 21 question
2152 1006 19 17 in
2178 1005 31 18 the
2212 1003 79 22 friendly
2298 1003 53 22 spirit
2359 1003 5 27 N
2363 1003 5 27 .
2391 1003 27 15 Leh

1861 1035 33 18 has
1903 1035 44 18 been
1958 1030 86 20 adverted
2056 1030 61 18 to—to
2128 1029 38 20 wit,
2180 1029 19 17 to
2218 1028 47 17 meet
2284 1025 83 22 togetlp—
2381 1023 38 19 and

1864 1057 53 18 settle
1923 1055 32 20 the
1962 1055 81 22 question
2053 1054 19 17 in
2080 1057 11 12 a
2099 1056 66 18 proper
2171 1055 46 18 way.
2250 1048 19 18 If
2282 1048 31 18 the
2327 1054 14 11 le
2346 1054 21 11 •is
2382 1046 37 17 and

1864 1080 99 21 employers
1977 1077 19 17 of
2015 1075 89 20 Durham,
2121 1071 169 21 Northumberland,
2308 1076 21 12 as
2360 1069 59 19 North

1864 1101 129 19 Staffordshire
2001 1104 33 12 can
2047 1098 19 17 to
2073 1097 21 20 it,
2102 1095 37 19 and
2146 1095 44 21 they
2194 1095 45 17 have
2245 1094 46 17 dote
2297 1094 20 17 it.
2328 1094 30 15 the
2363 1091 56 17 work.

1865 1129 40 11 men
1913 1122 37 18 and
1963 1121 99 20 employers
2074 1119 20 17 of
2106 1116 139 18 Warwickshire
2259 1114 56 20 ought
2328 1119 19 13 to
2360 1114 22 18 do
2389 1114 32 17 the

1865 1149 48 12 same
1918 1143 58 20 thing.
1989 1140 112 22 (Applause.)
2113 1140 19 15 If
2139 1139 31 15 the
2178 1143 40 11 men
2225 1136 19 17 of
2250 1137 41 15 Sour
2303 1134 4 30 ,
2317 1135 61 18 Wales
2386 1134 35 18 and

1866 1166 47 19 their
1917 1165 100 21 employers
2024 1161 46 19 have
2080 1165 35 14 met
2125 1159 35 20 and
2171 1159 71 22 agreed,
2250 1159 26 18 th
2302 1163 34 12 new
2343 1156 37 18 and
2386 1161 25 13 em-

1867 1189 70 22 ployers
1950 1186 20 20 of
1983 1185 139 20 Warwickshire
2137 1182 35 19 and
2185 1181 66 19 Leicest
2251 1181 9 19 ,
2278 1179 4 33 -
2288 1181 37 18 aire
2335 1179 58 24 ought
2405 1180 19 18 to

1867 1213 46 18 meet
1923 1211 20 19 in
1949 1211 32 18 the
1989 1215 48 13 same
2053 1207 105 19 reasonable
2177 1205 58 24 spirit,
2256 1204 2 27 ;
2269 1205 21 19 ad
2310 1204 53 19 settle
2374 1204 50 18 their

1870 1235 105 18 differences
1991 1232 78 19 without
2088 1231 84 21 fighting,
2194 1234 20 12 as
2235 1230 43 21 i'.ey
2296 1226 58 19 would
2378 1232 46 12 seem

1869 1259 19 15 to
1896 1257 58 18 desire
1961 1257 20 15 to
1988 1256 22 15 do
2017 1256 21 14 at
2044 1253 32 17 the
2085 1254 73 19 present
2170 1257 52 12 mom
2230 1257 26 11 -.L.
2280 1250 113 20 (Applause.)
2415 1250 11 15 I

1871 1284 27 12 am
1906 1283 43 17 very
1957 1277 41 21 glad
2008 1277 19 17 to
2034 1280 28 12 see
2070 1274 43 17 that
2120 1278 45 12 even
2171 1273 20 17 in
2197 1272 11 18 S
2235 1273 18 17 its
2262 1270 128 19 Staffordshire
2394 1270 32 18 the

1871 1300 80 21 struggle
1959 1299 17 17 is
1982 1297 56 22 likely
2046 1298 20 17 to
2073 1302 50 13 come
2131 1296 19 17 to
2158 1302 9 11 a
2176 1293 124 19 ter-siiasition.
2328 1293 9 17 I
2346 1298 35 11 was
2389 1291 38 18 told

1871 1323 35 19 last
1915 1322 52 21 night
1975 1322 21 20 by
2003 1326 12 11 a
2022 1318 79 19 member
2108 1317 20 18 of
2132 1317 33 18 the
2172 1317 63 18 House
2243 1316 19 18 of
2272 1315 155 19 Commons—and

1872 1346 8 17 I
1889 1351 28 12 see
1925 1345 17 17 it
1949 1344 14 17 is
1972 1342 60 19 stated
2040 1342 60 20 to-day
2108 1341 20 18 in
2135 1341 31 17 the
2178 1339 60 21 public
2251 1337 177 22 newspapers—that

1872 1368 37 18 Mr.
1917 1367 65 18 Fisher
1989 1364 65 20 Smith,
2063 1363 31 18 the
2102 1362 44 18 Earl
2159 1361 19 19 of
2191 1361 85 21 Dudley's
2290 1361 60 20 :igent.
2363 1358 66 22 agreed

1872 1389 96 24 yesterday
1982 1390 20 15 to
2016 1385 83 19 consider
2113 1385 32 17 the
2159 1383 91 22 propriety
2265 1382 19 19 el
2296 1382 91 20 referring
2399 1381 31 18 the

1873 1411 83 22 question
1963 1413 19 15 to
1989 1408 109 20 arbitration
2105 1414 21 12 or
2132 1407 122 18 conciliation.
2282 1406 46 17 lam
2336 1404 43 22 glad
2391 1403 40 18 that

1874 1435 22 17 he
1910 1435 33 17 has
1955 1439 50 12 come
2013 1435 21 14 to
2041 1431 46 20 that,
2095 1430 31 17 for
2132 1429 22 17 he
2163 1427 93 22 expressed
2264 1433 12 13 a
2283 1431 64 15 strong
2354 1427 74 20 opinion

1874 1462 11 11 a
1893 1455 51 18 short
1959 1454 43 18 time
2019 1459 34 15 ago
2065 1452 74 21 agaiust
2152 1450 44 17 such
2206 1450 70 21 things,
2287 1448 37 18 and
2336 1448 51 17 there
2395 1453 37 11 was

1874 1479 43 20 only
1924 1483 33 11 one
1965 1476 54 21 thing
2027 1475 31 17 the
2066 1479 40 13 men
2115 1472 35 19 had
2158 1474 20 15 to
2185 1472 30 20 do,
2223 1472 35 25 and
2269 1472 43 17 that
2320 1475 37 12 was
2363 1470 20 15 to
2392 1468 31 18 sub-

1877 1500 33 18 mit
1926 1501 20 17 to
1961 1498 28 19 his
2006 1496 80 22 imperial
2102 1495 43 21 will,
2160 1500 21 12 or
2197 1494 31 17 the
2241 1493 37 18 will
2285 1492 18 19 of
2315 1492 28 18 his
2353 1491 79 22 imperial

1877 1524 67 15 master
1957 1519 79 21 through
2052 1519 43 19 him,
2109 1518 31 18 the
2157 1518 72 19 master,
2243 1515 89 20 however,
2341 1517 19 14 to
2367 1519 12 12 a
2389 1519 43 15 very

1877 1544 50 21 large
1935 1544 67 19 extent,
2010 1541 54 20 being
2073 1539 66 21 merely
2147 1544 11 12 a
2166 1543 67 17 puppet
2242 1538 18 17 in
2269 1538 31 17 the
2308 1537 57 17 hands
2376 1535 20 17 of
2401 1535 32 15 the

1878 1567 59 19 agent.
1971 1564 60 17 When
2041 1564 8 14 1
2059 1567 28 11 see
2099 1561 38 15 him
2150 1560 54 20 doing
2217 1559 38 18 this
2269 1559 14 17 it
2295 1558 51 21 gives
2354 1564 27 11 me
2389 1557 46 20 hope

1878 1586 45 18 both
1935 1586 28 17 for
1976 1585 32 17 the
2020 1583 99 20 employers
2132 1581 35 17 and
2174 1580 98 20 workmen,
2282 1579 35 17 and
2326 1579 73 17 induces
2407 1583 28 12 me

1878 1610 20 17 to
1905 1607 69 18 believe
1982 1606 46 19 that,
2043 1603 163 20 notwitlmtanding
2222 1602 50 17 these
2288 1600 46 17 little
2349 1600 86 20 disputes,

1879 1636 53 18 peace
1938 1629 43 21 will,
1989 1629 19 17 in
2016 1628 31 18 the
2055 1626 40 21 end,
2105 1630 50 12 come
2161 1628 20 14 to
2190 1623 31 19 all.
2243 1622 115 24 (Applause.)
2380 1622 18 18 A
2402 1620 35 18 few

1880 1654 61 21 nights
1954 1657 35 18 ago
2002 1651 7 17 I
2024 1648 93 24 happened
2131 1650 19 15 to
2163 1646 21 18 be
2193 1646 86 20 standing
2288 1645 19 18 in
2315 1645 32 18 the
2354 1644 53 22 lobby
2419 1643 19 18 of

1879 1676 31 18 the
1926 1675 63 18 House
2004 1674 19 18 cf
2035 1672 104 19 Commons,
2154 1669 52 19 when
2216 1669 35 21 Mr,
2262 1668 20 19 C.
2295 1668 24 18 N.
2328 1667 110 21 Newdegate

1880 1703 50 13 came
1952 1698 20 15 to
1995 1701 27 13 use
2046 1694 35 18 and
2104 1693 45 21 said,
2225 1693 50 15 want
2296 1694 21 14 to
2342 1689 56 22 speak
2419 1690 20 17 to

1880 1727 37 15 you
1938 1720 30 17 for
1989 1724 13 11 a
2023 1717 86 17 moment.
2144 1714 57 18 What
2230 1714 15 17 is
2269 1714 20 17 to
2309 1713 24 18 be
2354 1713 46 17 done
2420 1711 19 17 in

1883 1740 141 19 Warwickshire
2029 1740 7 17 ?
2093 1737 8 17 I
2120 1736 74 22 replied,
2262 1736 66 17 cannot
2350 1733 33 19 tell
2394 1739 46 17 you;

1883 1766 8 15 I
1915 1765 45 17 have
1989 1767 24 12 no
2039 1766 60 17 power
2126 1759 91 18 whatever
2239 1759 20 17 in

1884 1787 28 18 He
1936 1785 45 20 said,
2098 1787 35 17 you
2156 1781 53 17 know
2230 1780 33 18 the
2277 1779 99 21 employers
2393 1779 48 15 want

1884 1811 19 15 to
1913 1808 43 17 take
1969 1807 21 18 20
1997 1811 32 17 per
2036 1805 47 18 cent.
2095 1805 25 15 nll
2130 1800 4 27 ;
2146 1804 9 15 I
2167 1804 45 15 have
2224 1801 78 22 opposed
2314 1801 14 17 it
2341 1806 19 12 as
2373 1800 8 18 I
2393 1801 50 17 want

1884 1831 43 21 only
1938 1831 22 17 it
1971 1834 31 17 per
2108 1825 24 22 By
2156 1825 31 18 the
2209 1831 39 15 way
2270 1825 9 17 I
2302 1824 45 18 have
2370 1822 19 17 in
2413 1827 30 17 my

1884 1853 50 18 hand
1941 1858 12 12 a
1959 1857 45 17 copy
2013 1851 19 18 of
2043 1850 35 18 Mr.
2094 1847 126 22 Newilegate's
2236 1852 72 12 reasons
2324 1846 28 17 for
2367 1845 31 18 the
2413 1851 18 11 re-

1886 1876 80 18 duction.
1989 1873 51 21 They
2048 1877 40 15 may
2096 1871 46 17 have
2151 1870 79 18 satisfied
2245 1870 37 17 Mr.
2297 1869 110 21 Newilegate
2415 1866 4 28 ;
2432 1866 9 17 I

1886 1898 46 18 have
1939 1903 24 12 no
1971 1896 57 17 doubt
2034 1894 44 20 they
2083 1893 37 20 did,
2128 1892 50 17 echo
2191 1891 59 18 would
2265 1892 32 17 not
2310 1890 46 18 have
2368 1889 76 18 allowed

1887 1919 50 19 thew
1945 1922 20 14 to
1971 1923 11 17 t
1982 1923 12 17 o
2001 1916 57 19 forth.
2080 1915 51 22 They
2139 1919 30 12 are
2178 1916 37 19 not,
2226 1913 87 20 however,
2329 1917 44 17 vary
2392 1910 43 19 satis-

1887 1942 71 22 factory
1967 1944 65 17 tonic;
2043 1939 33 18 but
2089 1937 43 21 still,
2145 1937 11 18 I
2171 1935 39 20 said
2220 1937 20 17 to
2256 1935 38 19 him
2323 1935 11 18 I
2347 1933 47 22 hope
2409 1938 35 17 you

1889 1965 35 17 will
1933 1967 31 15 not
1974 1970 21 15 go
2003 1963 20 18 in
2031 1962 28 18 for
2067 1968 12 11 a
2086 1961 58 18 strike
2156 1965 21 12 or
2194 1958 74 18 turmoil
2288 1957 45 18 with
2347 1957 32 18 the
2399 1961 46 13 men.

1890 1988 54 18 From
1952 1988 50 15 what
2016 1985 9 15 I
2041 1984 45 17 have
2105 1988 41 13 seen
2161 1981 19 19 of
2199 1982 31 17 the
2249 1980 142 19 Warwickshire
2399 1984 46 14 men,

1890 2010 43 21 they
1941 2014 30 13 are
1978 2006 105 22 reasonable
2099 2006 35 17 and
2150 2004 47 20 wise,
2213 2003 35 17 and
2265 2003 9 17 I
2289 2002 46 18 have
2350 2007 22 12 no
2391 2001 56 18 doubt

1891 2033 91 17 whatever
1989 2029 46 20 that,
2048 2027 15 19 if
2070 2033 35 18 you
2113 2027 44 18 take
2165 2027 31 17 the
2210 2026 51 21 right
2275 2029 69 17 course,
2355 2023 37 18 Mr.
2407 2022 31 18 Col-

1891 2054 58 20 ledge,
1959 2053 40 17 who
2007 2050 50 19 leads
2065 2050 54 20 them,
2132 2048 38 18 will
2178 2048 21 18 be
2207 2047 54 21 ready
2270 2048 20 17 to
2298 2047 47 17 meet
2354 2046 44 18 with
2413 2050 34 15 you

1891 2075 37 18 and
1936 2074 53 18 settle
1997 2074 17 17 it
2021 2073 19 18 in
2046 2079 11 11 a
2065 2072 34 17 fair
2107 2070 35 18 and
2152 2069 84 18 amicable

1893 2098 9 18 I
1911 2104 30 12 am
1949 2096 41 22 glad
1998 2095 31 17 the
2037 2094 67 17 miners
2113 2093 19 18 of
2144 2092 139 18 Warwickshire
2298 2091 47 17 have
2360 2091 33 20 put
2401 2089 48 17 their

1893 2126 40 12 case
1941 2119 19 18 in
1968 2118 37 19 this
2013 2118 53 19 form,
2078 2115 35 18 and
2121 2115 9 17 I
2139 2114 45 22 hope
2191 2119 35 15 you
2235 2113 35 18 will
2280 2118 41 17 pass
2336 2112 31 18 the
2382 2111 57 19 resolu-

1893 2144 39 18 tion
1941 2144 20 17 at
1968 2146 50 15 once,
2029 2145 20 13 so
2056 2139 47 21 that,
2115 2138 14 18 if
2141 2137 83 22 possible,
2237 2143 12 11 a
2256 2141 45 15 copy
2315 2140 43 17 may
2373 2134 21 18 be
2411 2134 40 17 sent

1894 2167 20 17 to
1922 2165 32 18 the
1958 2164 99 22 employers
2065 2163 24 21 by
2096 2160 94 22 to-night's
2199 2161 46 20 post.
2269 2158 39 19 Ask
2315 2158 30 18 for
2349 2164 11 12 a
2372 2157 80 19 meeting

1896 2196 20 9 as
1923 2187 50 21 early
1980 2193 21 9 as
2006 2191 35 17 you
2048 2190 39 15 can,
2100 2183 37 18 and
2144 2183 14 18 if
2165 2183 43 20 they
2212 2181 37 18 will
2255 2183 33 15 not
2293 2181 46 17 meet
2344 2186 35 17 you
2386 2179 19 17 in
2414 2179 38 17 this

1897 2210 35 17 fair
1941 2209 35 17 and
1983 2207 64 17 liberal
2055 2206 59 21 spirit,
2127 2205 9 17 I
2144 2204 53 18 think
2204 2204 14 17 it
2228 2204 37 17 will
2271 2203 22 17 be
2300 2209 43 14 very
2350 2203 69 15 unwise
2428 2206 24 12 on

1897 2231 47 17 their
1952 2229 169 22 part—(applause).
2134 2226 8 15 I
2148 2225 46 17 shall
2202 2228 32 14 not
2238 2224 86 18 interfere
2329 2224 80 17 between
2419 2229 33 14 you

1898 2254 35 17 and
1939 2257 47 18 your
1991 2251 92 17 contracts
2089 2248 45 19 with
2140 2248 38 18 Mr.
2184 2246 116 20 Newdegate,
2308 2250 59 17 crony
2373 2250 34 12 one
2412 2244 40 17 else.

1899 2276 39 18 One
1946 2275 54 21 thing
2008 2275 7 17 I
2022 2274 38 17 will
2067 2272 28 18 do.
2119 2271 19 17 If
2145 2276 35 17 you
2186 2269 58 19 desire
2250 2269 21 20 it,
2285 2268 9 19 t
2302 2268 35 19 will
2343 2269 18 17 at
2369 2274 50 15 once,
2431 2272 22 12 on

1899 2304 30 15 my
1935 2300 63 15 return
2004 2298 19 15 to
2028 2295 83 20 London,
2117 2294 60 18 either
2181 2293 81 21 toolight
2268 2297 21 12 or
2301 2293 110 19 to-morrow,
2426 2295 28 12 see

1900 2321 35 18 Mr.
1943 2320 115 20 Newdegate,
2070 2316 37 17 and
2113 2317 30 20 try
2147 2316 20 17 to
2174 2314 47 18 back
2226 2320 25 15 up
2256 2320 46 15 your
2313 2313 113 20 resolutions,
2439 2311 14 17 if

1900 2348 35 18 you
1943 2347 31 17 agt
1977 2346 20 13 ee
2002 2341 19 17 to
2028 2340 56 20 them,
2089 2339 24 21 by
2120 2343 53 15 every
2178 2341 63 12 means
2249 2336 20 17 in
2277 2341 31 17 my
2315 2340 65 18 power,
2388 2333 35 19 and
2432 2333 24 21 by

1900 2370 53 17 every
1957 2362 133 19 consideration
2094 2361 41 18 that
2144 2360 8 18 I
2160 2366 33 12 can
2200 2366 48 14 urge,
2257 2360 19 17 to
2284 2357 65 18 induce
2360 2356 39 18 Lim
2404 2359 52 15 tone.

1902 2388 41 21 coot
1949 2386 37 19 this
1990 2385 103 19 reasonable
2099 2382 72 18 method
2178 2381 19 18 of
2204 2381 72 21 dealing
2283 2380 44 18 with
2331 2380 31 18 the
2373 2379 83 21 question

1903 2411 34 17 and
1945 2409 31 21 get
1983 2408 38 17 him
2029 2408 20 17 to
2056 2411 53 17 agree
2115 2407 19 15 to
2141 2405 47 17 form
2196 2411 9 9 a
2215 2404 60 17 Board
2289 2405 32 15 not
2334 2401 43 22 only
2388 2401 30 18 for
2426 2401 30 17 the

1903 2431 104 19 settlement
2014 2430 19 18 of
2041 2430 37 17 this
2086 2428 77 21 dispute,
2171 2426 34 18 but
2218 2425 25 19 all
2256 2425 72 21 coming
2340 2425 86 20 disputes,
2439 2428 19 12 so

1904 2454 41 18 that
1952 2459 37 17 you
1995 2457 41 18 may
2048 2451 37 18 live
2098 2451 19 18 in
2131 2454 53 17 peace
2197 2448 43 17 with
2254 2453 44 17 your
2311 2446 99 22 employers
2422 2445 35 18 and

1904 2477 109 22 yourselves,
2021 2474 35 18 and
2066 2474 7 17 I
2081 2478 30 12 am
2119 2477 43 13 sure
2170 2472 14 18 it
2191 2470 38 19 will
2236 2470 54 22 bring
2298 2470 71 18 mutual
2381 2469 77 18 comfort

1904 2499 37 18 and
1948 2498 97 22 happiness
2053 2498 20 17 to
2080 2496 31 18 all.
2134 2493 113 22 (Applause.)
2271 2493 8 17 I
2298 2492 24 18 do
2346 2492 45 20 hope
2409 2491 47 19 that,

1904 2522 61 18 before
1974 2522 32 15 the
2014 2519 33 18 end
2055 2519 19 17 of
2082 2518 31 17 the
2126 2517 57 20 week,
2202 2516 32 18 the
2252 2516 57 17 whole
2324 2515 54 20 thing
2389 2513 37 17 will
2439 2513 20 17 be

1904 2543 72 21 settled,
1984 2542 41 18 that
2033 2542 50 17 work
2091 2539 35 18 will
2135 2539 21 17 be
2165 2537 89 21 resumed,
2261 2537 34 18 and
2309 2536 41 19 that
2365 2535 94 21 hairpin°.

1878 2558 2 24 '
1904 2565 37 17 will
1948 2565 21 17 be
1976 2569 45 13 once
2028 2568 48 13 more
2085 2562 19 18 in
2112 2561 31 18 the
2152 2561 71 20 village,
2243 2559 37 17 and
2298 2564 52 17 peace
2370 2558 18 17 in
2407 2562 52 17 every

1904 2588 59 18 home.
1987 2585 57 21 (Loud
2055 2583 74 21 cheers.)

1928 2610 38 18 The
1974 2607 119 26 pr,mositions
2102 2613 45 12 were
2156 2606 25 18 tie
2295 2602 34 19 and
2343 2601 86 19 seconded
2438 2601 21 22 by

1906 2634 66 18 miners
1981 2633 20 18 in
2007 2633 30 18 the
2046 2630 64 22 crowd,
2130 2629 30 21 rb,
2169 2635 22 11 or.
2231 2626 2 27 •
2249 2628 73 21 rpntto
2330 2627 31 17 the
2375 2626 84 20 meeting,

1906 2662 46 11 were
1959 2655 74 17 carried.

1929 2679 17 15 A
1954 2679 41 14 vote
2004 2676 19 17 of
2031 2675 67 17 Baulks
2107 2680 37 11 was
2151 2679 51 12 sever
2244 2673 19 14 to
2275 2672 31 17 the
2317 2676 37 11 rev,
2367 2669 92 17 chairman

1907 2699 30 19 for
1945 2698 99 21 presiding,
2053 2696 35 17 and
2095 2695 31 18 the
2135 2694 116 22 proceedings
2259 2692 115 18 terminated.

340 4565 38 11 TTIF
391 4560 171 15 LEICESTERSHIRE
576 4559 81 17 MINERS,

222 4589 40 17 who
278 4593 30 11 are
324 4593 21 11 on
361 4587 61 17 strike,
441 4585 41 18 held
496 4590 12 12 a
520 4583 78 21 meeting
613 4585 18 14 at
646 4583 72 19 Coalrill
718 4583 9 19 ,
728 4583 9 19 ,
752 4587 24 9 on

223 4609 109 17 Thursday
332 4610 18 13 at
358 4607 58 15 which
423 4607 13 15 it
445 4611 37 11 was
489 4605 58 17 stated
555 4605 39 15 that
605 4604 30 17 the
641 4603 70 18 council
719 4603 19 15 of
745 4603 31 15 the

378 4628 35 17 and
428 4626 138 18 I,ieestersbire
578 4624 74 18 Miners'
665 4623 111 19 Association

224 4651 35 17 hat
268 4649 111 19 reconumnile
379 4649 11 19 ,
390 4649 11 19 l
409 4649 30 17 the
446 4655 39 11 men
495 4651 19 14 to
521 4648 51 17 make
580 4649 35 15 two
624 4646 71 17 further
700 4644 76 21 proposi•

224 4672 48 18 lions
287 4675 20 14 to
322 4671 30 17 the
365 4671 103 21 ,mployors.
477 4670 31 18 the
522 4670 38 18 first
576 4669 53 21 being
641 4668 40 18 that
693 4668 31 17 the
737 4672 40 11 men

226 4694 64 19 should
298 4700 67 13 re-unto
373 4694 47 18 work
430 4695 17 15 at
456 4694 30 17 the
495 4693 27 18 old
531 4695 54 15 terms
598 4691 28 18 for
638 4690 80 19 fourteen
729 4689 47 22 dap,

228 4717 64 21 during
299 4716 57 18 whisk
365 4716 30 18 the
404 4720 65 14 matter
482 4715 63 18 should
556 4715 22 18 be
586 4714 79 19 referred
678 4715 19 17 to
705 4719 11 12 a
723 4713 54 18 hoard

227 4740 20 18 of
254 4740 111 18 eowiliatlon
390 4740 33 17 at
432 4740 30 17 the
471 4739 8 18 ,
480 4739 54 18 oeon.l
547 4739 39 18 that
596 4737 31 19 the
635 4742 40 13 men
684 4735 64 19 should
756 4741 21 18 go

228 4762 19 17 in
262 4766 18 13 at
296 4762 30 17 the
343 4762 85 21 Frolic-sot
444 4761 91 18 reauetion
552 4761 28 18 for
594 4761 84 18 fourteen
691 4759 48 20 stare,
749 4760 28 15 the

228 4785 72 17 amount
306 4783 22 17 of
337 4783 41 17 such
387 4783 91 17 reduction
488 4785 19 15 to
515 4783 20 17 be
543 4782 76 18 banked,
626 4782 35 17 and
671 4781 79 21 disposea
759 4780 18 18 of

228 4805 94 18 according
332 4808 19 13 to
358 4805 31 15 the
397 4805 58 15 au-ant
463 4805 19 15 cf
528 4805 112 17 arbitrators.
653 4804 38 15 The
699 4804 78 20 meeting

228 4826 76 19 sloptea
352 4825 156 18 reconmoulation
508 4825 12 18 ,
529 4826 18 17 of
555 4825 31 18 the
594 4825 74 18 council.

385 4863 31 11 LI.
416 4863 11 11 ,
435 4861 12 12 7.
451 4863 31 11 0:0
495 4861 104 12 ILONSTONE
611 4860 69 13 MINERS

228 4890 27 15 hk.
262 4890 244 17 wisehlmret.n,rn
522 4890 98 15 Thrtmlar.
635 4891 18 14 M
671 4889 18 17 Re
689 4889 8 17 ,
697 4889 9 17 l
706 4889 9 17 ,
716 4889 28 17 ar.
759 4890 18 14 to

228 4911 78 15 con-ider
313 4911 31 15 th•
353 4912 30 18 121
393 4917 15 14 p,
415 4917 8 11 r
429 4915 44 13 etut.
483 4911 87 17 roduction
579 4911 85 20 rropo,d
672 4910 21 20 by
704 4911 30 15 the
742 4916 24 9 em-

322 4932 46 12 .1(10
376 4936 39 9 men
423 4937 43 8 wv,
476 4935 74 14 pre.ent.
581 4932 18 13 It
607 4936 34 8 sm.
650 4931 91 18 eal.lained

229 4948 31 14 the
268 4948 76 15 meeting
351 4949 21 17 I.y
379 4949 34 13 Mr.
422 4950 83 13 Greaves.
511 4950 31 13 the
554 4951 93 15 ,eeretary.
654 4950 39 12 that
703 4949 30 13 th.•
742 4954 26 8 .rn-

233 4967 67 17 ployers
306 4967 34 13 had
346 4968 91 13 con.,nted
445 4969 19 12 to
474 4967 107 14 arbitration.
605 4968 27 13 He
639 4968 41 13 held
685 4968 39 13 that
731 4968 37 13 iron-

235 4987 47 12 stone
291 4984 35 14 had
333 4987 30 12 not
376 4985 79 14 loliord.
463 4981 56 18 hence
527 4987 57 13 wane.
591 4985 63 14 should
667 4987 31 13 not
713 4985 24 14 do
751 4989 25 11 to.

235 5002 35 14 Mr.
280 5003 78 15 Andrsu.
383 5004 76 15 member
465 5003 19 15 of
495 5002 27 14 Hu
535 5001 69 15 miners'
613 5004 72 15 council.
698 5004 37 14 said
739 5004 40 14 that

587 5020 32 13 the
632 5022 38 13 iron
680 5023 50 13 trade
744 5023 37 13 hid

239 5040 72 13 bronelt
394 5041 70 12 .Imtion.
464 5041 9 12 ,
511 5036 111 14 tit...metres.
654 5040 50 15 They
718 5040 63 13 should

241 5057 65 12 control
313 5057 26 12 111.
353 5056 167 17 pr.,lnetion—teen
533 5054 50 12 down
594 5053 21 13 th.
615 5053 8 13 ,
633 5053 58 14 slO,.lKa
703 5056 18 11 or
735 5057 38 12 Iron-

240 5074 54 12 stone.
302 5074 44 13 iron,
354 5074 33 13 and
399 5073 45 14 coal.
459 5072 34 13 and
508 5072 40 12 that
567 5069 56 12 'maid
634 5069 44 15 ke.p
690 5074 56 12 wages
752 5076 30 11 an.

309 5272 20 1 _

600 5184 28 18 ..A

611 5203 21 21 :•

723 1773 57 18 RISE
791 1772 27 19 IN
830 1772 53 18 THE
895 1767 90 21 WAGES
997 1767 33 18 OF
1041 1766 52 18 THE
1107 1762 169 20 BIRMINGHAM

906 1788 170 21 PLASTERERS.

771 1818 37 18 will
815 1817 22 17 be
846 1813 106 20 recollected
964 1813 40 18 that
1017 1813 37 17 two
1065 1814 53 18 years
1133 1813 40 18 ago,
1186 1812 48 17 upon
1248 1806 32 18 the

725 1840 72 24 general
806 1838 104 19 settlement
917 1835 20 19 of
941 1835 32 18 the
980 1839 59 17 wages
1048 1832 19 19 in
1075 1832 31 18 the
1114 1831 83 20 building
1205 1828 50 18 trade
1260 1828 20 17 of

725 1863 133 21 Birmingham,
867 1860 31 17 the
906 1858 98 19 arbitrator
1011 1854 84 19 awarded
1102 1853 40 18 that
1152 1852 31 18 the
1192 1857 58 15 wages
1261 1851 19 18 in

726 1886 30 17 the
770 1885 51 18 three
833 1883 123 21 departments
967 1879 19 18 of
998 1879 110 20 carpenters,
1121 1876 118 20 bricklayers,
1245 1873 38 17 and

728 1907 94 21 plasterers
830 1904 64 18 should
901 1903 22 18 be
932 1903 71 18 7d.a,i
1010 1900 52 17 tour.
1084 1898 59 18 There
1156 1903 35 12 was
1206 1902 12 12 a
1231 1896 52 21 great

729 1929 79 22 struggle
816 1929 19 17 at
841 1928 32 18 the
880 1926 44 18 time
931 1924 30 18 for
966 1923 44 21 'al,
1019 1922 37 18 and
1063 1922 32 18 the
1102 1919 61 18 award
1172 1924 37 12 was
1217 1916 66 24 special
1287 1916 1 35 ,

729 1959 20 12 as
756 1954 20 17 to
782 1952 32 17 the
821 1951 45 18 time
873 1949 53 19 when
940 1948 31 18 the
984 1945 34 19 rise
1033 1945 44 18 then
1089 1943 54 24 given
1155 1941 64 20 should
1235 1945 47 13 coin.

730 1981 65 13 Inciter.
817 1974 39 18 The
862 1972 109 21 carpenters,
980 1971 19 15 at
1007 1968 31 19 the
1046 1968 47 17 close
1102 1967 19 18 of
1126 1967 30 17 the
1162 1964 44 18 then
1213 1969 70 14 season,

730 1996 76 18 claimed
814 2001 9 12 a
831 1995 72 18 further
911 1994 34 17 rise
954 1993 19 17 of
981 1991 28 21 td.
1018 1996 24 11 an
1049 1990 53 19 hour,
1110 1988 34 18 and
1154 1988 31 17 the
1193 1987 65 20 Mayor
1265 1987 19 15 of

730 2019 125 21 Birmingham
863 2019 20 14 at
889 2015 41 18 that
939 2014 51 20 time,
997 2013 63 20 acting
1071 2017 20 11 as
1108 2010 105 19 arbitrator,
1226 2007 48 19 deter-

730 2041 61 18 mined
798 2040 41 19 that
848 2044 20 12 as
876 2040 20 17 to
907 2037 32 18 the
946 2036 103 21 carpenters
1057 2033 51 19 there
1116 2031 64 18 shotild
1193 2031 22 17 be
1228 2036 11 11 a
1251 2029 34 17 rise

731 2065 19 17 of
757 2068 34 12 one
800 2061 81 20 farthing
889 2066 24 12 an
920 2059 52 18 hour.
996 2057 44 17 This
1048 2061 37 11 was
1096 2055 38 17 also
1143 2053 77 20 granted
1228 2053 19 17 to
1256 2053 31 15 the

731 2085 110 20 bricklayers
854 2088 48 17 upon
915 2081 32 17 the
960 2079 53 19 claim
1025 2079 52 17 made
1090 2078 25 20 by
1128 2076 56 17 them.
1206 2075 26 17 At
1245 2074 41 18 that

732 2107 44 18 time
784 2107 31 18 the
824 2105 96 22 plasterers
928 2102 50 18 made
986 2107 24 11 no
1018 2100 59 18 claim.
1101 2098 52 20 Now,
1166 2098 87 19 however,
1267 2096 20 15 at

733 2131 30 18 the
771 2128 102 22 expiration
880 2126 19 18 of
908 2130 35 14 two
952 2131 58 17 years,
1017 2124 44 20 they
1072 2120 76 19 claimed
1160 2121 20 17 to
1192 2119 21 18 be
1226 2118 61 22 placid

735 2158 47 18 upon
790 2152 31 18 the
829 2157 48 12 same
886 2151 56 17 terms
950 2154 20 11 as
976 2147 32 18 the
1016 2148 34 15 two
1058 2144 52 19 other
1119 2143 66 19 trades.
1208 2143 69 21 Deputa-

733 2176 48 19 tions
790 2174 19 18 of
817 2176 76 15 masters
900 2171 37 19 and
945 2177 39 12 men
993 2170 37 17 met
1043 2169 37 18 Mr.
1095 2166 63 18 Kettle
1169 2165 24 22 by
1207 2164 72 22 appoint-

735 2198 50 17 ment
794 2198 19 15 at
821 2196 27 17 his
857 2194 90 18 residence
956 2198 22 11 on
986 2190 116 21 Wednesday
1115 2189 58 21 night,
1186 2187 43 20 and,
1238 2185 41 18 with-

736 2220 33 15 out
777 2223 35 15 any
822 2216 86 21 difficulty
914 2220 25 11 on
946 2215 58 15 either
1012 2212 44 20 side,
1064 2212 17 17 it
1088 2216 37 12 was
1131 2209 94 20 arrauffed,
1235 2209 19 15 in
1261 2207 27 17 his

736 2244 89 18 Presence,
837 2238 40 17 that
889 2237 31 18 the
928 2236 96 22 plasterers
1033 2232 63 18 should
1104 2232 22 15 be
1134 2223 64 30 pined
1204 2235 48 15 upon
1259 2229 30 17 the

736 2268 50 13 same
795 2261 72 21 footing
874 2265 20 12 as
900 2258 32 18 the
938 2258 104 21 carpenters
1049 2255 37 19 and
1094 2254 116 21 bricklayers,
1217 2252 20 18 to
1244 2255 34 14 com-

736 2290 61 13 mence
804 2284 47 17 from
860 2283 31 18 the
899 2282 28 18 Ist
934 2281 19 19 of
961 2281 50 21 May.

737 2347 126 21 COLLIERS'
873 2346 90 19 WAGES
971 2343 28 19 IN
1007 2340 155 21 BLACKBURN
1172 2339 122 20 DISTRICT.

761 2382 38 17 The
806 2380 63 18 White
876 2379 46 18 Birk
931 2378 69 18 colliers
1007 2376 45 17 have
1059 2376 32 15 not
1096 2374 32 22 yet
1135 2373 35 19 had
1179 2372 48 19 their
1235 2378 59 15 wages

738 2404 83 20 reduced,
829 2402 33 17 but
876 2407 22 11 on
911 2399 83 21 Tuesday
1005 2398 32 19 the
1049 2398 72 18 colliers
1131 2396 19 17 of
1165 2394 91 18 Harwood
1269 2399 19 12 re-

739 2426 65 18 turned
815 2427 19 15 to
849 2424 50 18 work
912 2424 20 15 at
946 2427 12 12 a
970 2420 93 18 reduction
1076 2419 19 18 of
1110 2418 32 20 12!,
1156 2424 31 15 per
1199 2418 48 17 cent.
1271 2417 26 17 At

741 2447 91 19 Standhill
840 2445 72 19 Church
920 2444 35 18 and
969 2444 87 18 Belthorn
1065 2441 31 17 the
1104 2441 85 17 turnouts
1198 2438 72 19 refused
1277 2439 19 17 to

741 2477 70 12 resume
819 2470 48 17 work
875 2471 19 14 at
904 2467 30 20 1.21
943 2467 84 21 percent.
1035 2464 99 20 reduction,
1141 2464 32 17 but
1179 2463 45 17 have
1232 2460 65 22 agreed

742 2496 19 15 to
769 2500 22 15 go
800 2493 19 17 in
824 2493 19 15 at
852 2498 11 11 a
880 2490 92 19 reduction
979 2489 20 18 of
1010 2489 21 20 411
1044 2492 32 17 per
1084 2489 47 14 cent.
1154 2485 19 18 It
1181 2484 21 21 is,
1211 2483 86 21 believed,

742 2516 86 19 however,
847 2513 43 18 that
905 2512 31 18 the
951 2517 40 12 men
1007 2510 37 18 will
1062 2509 45 18 have
1122 2510 20 15 to
1156 2506 63 18 accede
1235 2509 19 15 to
1267 2505 30 18 the

743 2537 81 18 mastcrs'
834 2537 56 17 terms
899 2535 18 17 iu
925 2537 119 18 consequence
1058 2531 19 17 of
1093 2531 30 17 the
1135 2530 33 18 hot
1176 2529 79 18 weather
1264 2528 33 18 and

743 2559 45 18 such
795 2564 12 11 a
815 2558 93 21 plenteous
918 2555 64 21 supply
989 2555 54 20 being
1049 2551 102 19 obtainable
1157 2551 47 17 from
1213 2549 84 21 Burnley.

836 2607 372 28 CORRESPONDENCE.

746 2654 34 18 We
794 2653 22 18 do
826 2653 33 17 not
870 2650 43 18 hold
924 2649 91 18 ourselves
1029 2649 110 20 responsible
1146 2649 28 14 for
1182 2649 31 14 the
1221 2649 81 17 opinions

769 2673 92 22 expressed
867 2673 25 20 by
899 2678 33 11 our
939 2669 163 22 Correspondents;
1110 2668 35 17 and
1153 2668 34 20 beg
1195 2668 19 15 to
1219 2666 84 18 intimate

769 2696 41 17 that
829 2695 66 17 letters
913 2692 105 20 containing
1039 2689 126 22 personalities
1178 2688 37 17 will
1232 2689 33 15 not
1281 2686 21 18 be

770 2717 86 19 inserted.

829 2763 91 18 NOTICE
944 2763 31 15 TO
997 2757 230 20 CORRESPONDENTS.

750 2796 21 15 A.
780 2796 30 17 D.,
817 2793 74 17 Chas
892 2791 113 18 Town.—We
1022 2796 28 11 are
1065 2790 32 15 not
1114 2793 54 11 aware
1185 2789 41 14 that
1240 2786 33 17 itfr.
1291 2785 12 17 J

772 2816 87 18 Outlets
886 2816 65 19 Scraps
958 2818 24 11 on
1094 2816 30 11 are
1135 2812 19 13 to
1167 2809 20 17 he
1195 2807 83 17 obtained
1290 2807 18 15 in

772 2838 106 18 book.forni.
901 2836 57 17 There
972 2841 31 11 are
1017 2838 53 17 many
1085 2831 74 24 popular
1168 2830 58 18 works
1237 2835 22 12 on
1276 2829 31 18 the

774 2861 67 21 subject
854 2858 99 22 pnblished,
963 2857 34 17 ftna
1010 2856 76 22 possibly
1094 2855 31 18 the
1139 2854 103 21 gentleman
1253 2852 46 15 refer-

774 2883 32 18 red
820 2884 25 19 to,
853 2881 57 19 whose
925 2881 72 17 address
1004 2880 14 17 is
1035 2876 117 20 Hednestord,
1160 2875 57 20 might
1232 2875 21 17 be
1265 2875 43 17 kind

775 2907 70 19 enough
852 2908 19 15 to
879 2904 47 18 refer
933 2908 34 18 you
976 2904 19 17 to
1003 2907 33 13 one
1043 2907 20 12 or
1070 2902 34 17 two
1113 2901 19 17 of
1139 2901 31 17 the
1178 2898 45 18 best.

992 2934 67 6 ---

754 2953 52 18 THE
828 2950 104 18 MINERS'
956 2944 243 21 STRIKE.-CANNOCK
1228 2941 80 19 CHASE

972 2967 123 18 DISTRICT.

862 3004 22 17 To
893 3001 26 18 the
932 3000 61 18 Editor
1002 2999 21 22 qf
1033 2998 27 18 the

778 3037 104 24 Sin.,—The
889 3034 103 20 committee
1004 3032 20 19 of
1036 3031 33 20 the
1081 3031 86 19 Cannock
1174 3028 58 19 Chme
1240 3026 72 18 district

756 3063 46 18 have
809 3059 96 22 requestel
919 3064 28 12 me
956 3058 20 18 to
989 3057 44 18 send
1044 3057 32 17 the
1090 3052 92 22 following
1194 3051 118 19 information

757 3084 30 18 for
794 3079 210 25 publieation—namely,
1011 3078 32 18 the
1056 3077 76 18 amount
1140 3076 19 17 of
1172 3079 64 15 money
1241 3072 41 22 paid
1291 3072 24 21 by

758 3105 31 18 the
798 3103 136 22 Amalgamated
943 3100 113 18 Association
1063 3098 19 18 of
1095 3097 69 18 Miners
1172 3097 20 17 to
1199 3094 87 18 members
1296 3094 19 15 in

758 3126 107 19 connection
873 3124 44 19 with
926 3122 84 20 Cannock
1018 3122 58 18 Clime
1084 3119 77 21 district,
1172 3118 14 17 is
1194 3123 19 12 as
1221 3116 57 19 under
1287 3124 27 11 :

759 3151 51 17 First
819 3148 106 22 fortnight's
932 3154 39 14 pay,
986 3145 64 18 t:2.5:31
1068 3144 34 17 12s.
1115 3142 27 19 sa.
1149 3138 5 32 ;
1166 3141 35 19 and
1208 3139 31 19 the
1252 3138 63 20 second

762 3172 105 21 fortnight's
875 3176 40 20 pay,
926 3169 66 21 £2,714
1006 3170 19 14 is.
1037 3168 30 17 Bd.
1101 3165 38 18 The
1152 3170 41 11 men
1206 3163 46 18 have
1264 3168 52 17 every

762 3194 100 18 confidence
879 3198 18 11 in
911 3193 31 15 the
953 3189 115 19 association,
1082 3188 37 17 and
1131 3187 67 17 believe
1206 3187 41 15 that
1259 3184 14 17 if
1284 3184 32 17 the

763 3214 80 22 struggle
850 3214 93 18 continues
954 3213 30 17 for
991 3210 64 18 twelve
1062 3209 72 18 months
1141 3208 44 20 they
1196 3207 35 18 will
1246 3207 22 17 be
1277 3213 31 14 Sap-

763 3233 69 27 portett,
841 3235 90 22 believing
938 3233 106 20 themselves
1054 3230 79 24 justified
1148 3230 19 17 in
1175 3229 31 18 the
1214 3230 48 21 steps
1274 3228 43 21 they

763 3262 46 17 have
828 3259 60 19 taken.
924 3259 54 18 From
989 3255 118 19 information
1121 3253 85 19 obtained
1219 3253 24 21 by
1253 3250 65 22 myself

763 3283 48 17 from
824 3288 11 11 a
848 3280 116 19 shareholder
977 3279 19 18 in
1007 3285 11 11 a
1031 3278 71 18 certain
1116 3276 73 21 colliery
1198 3275 20 17 in
1232 3273 86 19 Cannock
1322 3273 1 27 ,

764 3305 58 18 Chase
830 3304 77 19 district,
914 3302 40 15 who
961 3301 43 17 floes
1011 3301 32 15 not
1051 3305 77 20 approve
1136 3298 19 18 of
1167 3298 32 17 the
1207 3298 48 19 steps
1264 3296 56 15 taken

764 3326 20 18 in
791 3325 32 18 the
839 3325 93 18 reduction
939 3322 20 18 of
971 3328 65 15 wages,
1051 3322 15 15 it
1082 3325 74 17 appears
1173 3318 40 18 that
1221 3318 31 17 the
1260 3318 50 17 share-

765 3348 71 18 holders
844 3347 44 17 have
896 3346 45 18 beer.
948 3344 91 22 receiving
1046 3344 22 18 30
1076 3347 32 18 per
1115 3343 46 17 cent,
1169 3346 24 12 on
1201 3339 48 18 their
1257 3344 64 15 money

767 3372 19 18 in
794 3370 80 20 addition
882 3371 18 18 to
908 3376 11 12 a
927 3369 71 22 surplus
1006 3366 52 22 fund,
1068 3365 58 19 which
1134 3364 39 19 said
1180 3363 46 20 fund
1234 3363 32 19 has
1274 3361 47 19 sunk

767 3396 51 18 three
833 3400 39 11 new
883 3393 65 20 shafts,
961 3391 35 18 aml
1013 3390 104 20 machinery
1133 3390 20 17 to
1172 3387 47 18 work
1239 3386 32 18 the
1284 3385 38 18 said

768 3417 65 19 shafts,
841 3416 35 17 and
885 3416 33 15 left
926 3420 9 9 a
951 3413 71 21 surplus
1033 3412 19 17 of
1065 3411 18 20 .t
1083 3411 64 20 20,000
1160 3409 58 19 which
1230 3409 33 17 has
1276 3409 45 17 been

768 3437 79 21 recently
856 3436 70 18 divided
934 3441 65 14 among
1007 3435 31 15 the
1046 3432 129 18 shareholders.
1209 3430 31 28 100
1251 3430 11 28 w
1272 3430 51 28 leave

768 3461 31 17 the
808 3458 59 22 public
874 3459 19 15 to
900 3457 56 24 judge
964 3456 27 18 for
1003 3455 106 19 themselves
1121 3454 80 17 whether
1209 3452 76 17 masters
1293 3456 30 12 are

769 3482 48 24 right
826 3482 19 19 in
853 3481 61 22 trying
922 3481 20 18 to
950 3478 72 19 enforce
1030 3484 11 12 a
1049 3476 92 19 reduction
1149 3475 19 19 of
1175 3475 22 19 22
1206 3481 32 15 per
1245 3475 46 17 cent.

898 3504 96 17 CHARLES
1004 3501 98 20 HOWELL,
1114 3498 78 19 District
1200 3498 99 21 Secretary.

791 3527 141 18 Chase-terrace,
941 3526 58 18 Ohme
1006 3524 63 20 Town,
1082 3522 52 22 April
1141 3522 27 20 29,
1178 3520 48 19 1874.

1910 2779 44 17 MR.
1962 2778 30 18 W.
2001 2777 93 18 BROWN
2106 2776 34 17 ON
2152 2773 50 18 THE
2215 2770 115 20 MINERS
2329 2770 94 19 STRIKE
2435 2770 26 17 IN

2031 2802 81 18 SOUTH
2126 2796 211 21 STAFFORDSHIRE.

2008 2841 26 18 To
2043 2839 31 18 the
2083 2838 69 17 Etlitoe
2160 2835 22 21 of
2189 2835 30 19 the

1933 2875 73 22 5111,-1
2021 2872 35 19 had
2069 2878 11 12 a
2093 2870 44 19 fowl
2148 2870 45 21 hope
2205 2868 41 19 that
2258 2868 31 17 the
2297 2868 77 17 masters
2386 2865 37 17 and
2433 2865 32 18 the

1910 2898 92 19 workmen
2009 2896 40 18 who
2056 2901 31 13 are
2094 2893 80 24 engaged
2184 2893 18 17 in
2216 2891 31 18 the
2258 2889 85 24 unhappy
2354 2888 80 22 struggle
2447 2888 18 18 in

1911 2921 58 19 South
1978 2919 128 20 Staffordshire
2113 2916 58 18 would
2178 2915 45 18 have
2230 2920 50 12 come
2288 2914 19 17 to
2315 2919 24 12 all
2347 2911 86 18 amicable
2439 2916 18 11 ar-

1912 2944 106 20 rangement
2030 2942 43 19 long
2088 2940 60 17 before
2165 2943 45 14 now,
2226 2936 35 17 and
2274 2935 94 20 especially
2380 2934 32 18 the
2419 2933 46 18 coal.

1912 2970 70 12 owners
1989 2965 19 15 in
2015 2962 32 17 the
2054 2960 85 19 Clanock
2147 2959 57 17 Chase
2212 2957 77 15 district.
2313 2956 8 15 I
2330 2955 35 17 had
2373 2955 32 17 the
2419 2955 38 20 plea-

1913 2992 40 12 sure
1972 2986 19 15 to
2009 2985 47 15 meet
2074 2981 32 17 the
2119 2979 107 18 coalowners
2242 2978 19 15 of
2272 2978 31 15 the
2315 2976 86 15 Cannock
2409 2976 57 15 Chase

1915 3007 71 19 district
1994 3011 11 14 a
2011 3005 48 19 little
2068 3008 41 13 over
2118 3004 35 17 two
2160 3006 52 18 years
2220 3005 40 15 ago,
2269 2998 35 19 awl
2314 2998 7 18 I
2328 2998 56 18 found
2393 2996 48 18 them
2446 2998 19 15 at

1915 3031 41 20 that
1963 3031 43 19 time
2013 3030 20 18 to
2041 3027 21 18 be
2070 3025 104 19 reasonable
2187 3022 106 22 gentlemen.
2307 3021 34 18 and
2355 3020 9 18 I
2378 3019 48 19 dent
2439 3025 28 13 see

1915 3061 34 15 any
1958 3058 63 13 reason
2028 3051 40 21 why
2076 3050 43 21 they
2127 3047 64 19 should
2199 3047 32 17 not
2239 3045 21 19 be
2274 3044 103 19 reasonable
2389 3050 45 12 new.
2458 3043 8 18 I

1916 3078 37 17 met
1959 3077 48 17 them
2016 3076 20 14 at
2043 3073 31 17 the
2081 3072 45 17 time
2133 3070 53 20 along
2194 3069 43 18 with
2249 3073 12 12 a
2269 3067 105 21 deputation
2389 3066 19 17 of
2419 3065 48 18 their

1916 3098 97 18 workmen,
2021 3096 50 17 when
2079 3093 51 17 there
2138 3097 37 12 was
2183 3091 81 21 prospect
2272 3090 18 15 of
2298 3096 11 9 a
2322 3089 46 20 good
2376 3087 51 17 trade
2439 3087 27 15 for

1917 3125 46 13 some
1971 3117 72 19 mouths
2050 3116 20 18 to
2078 3120 54 13 come.
2145 3113 30 18 All
2183 3111 125 22 anticipations
2315 3110 45 18 hive
2366 3109 45 18 been
2419 3115 48 11 mon,

1917 3143 45 18 than
1969 3139 80 21 realised,
2059 3138 34 18 btit
2099 3137 63 22 things
2169 3135 45 19 have
2222 3133 67 19 altered
2297 3132 60 22 again.
2376 3131 38 18 The
2420 3130 47 24 price

1917 3167 19 17 of
1942 3164 38 19 coal
1988 3163 35 18 and
2030 3163 39 17 iron
2076 3161 32 18 has
2117 3161 44 17 been
2173 3164 44 17 very
2230 3156 52 19 much
2295 3162 18 12 re
2320 3155 48 19 laced
2382 3154 85 21 recently,

1917 3188 33 18 but
1965 3187 30 17 the
2011 3184 97 20 employers
2125 3181 64 18 should
2204 3180 80 18 consider
2300 3178 41 17 that
2354 3177 31 17 the
2396 3176 70 17 colliers

1918 3214 53 13 never
1980 3207 30 18 did
2017 3207 30 20 get
2055 3204 48 17 their
2111 3208 59 17 wages
2178 3201 90 18 advanc...l
2276 3201 18 15 in
2302 3198 104 22 proportion
2413 3200 19 14 to
2439 3197 30 17 the

1918 3228 136 21 extraordinary
2060 3227 44 21 high
2113 3226 47 21 price
2167 3223 20 18 of
2191 3223 45 17 coal.
2259 3222 17 18 It
2285 3222 15 18 is
2308 3227 11 12 a
2327 3220 44 19 hard
2380 3220 52 20 thing
2440 3219 30 17 for

1919 3253 30 19 the
1958 3252 59 24 public
2028 3252 20 17 to
2055 3255 34 17 pay
2099 3247 59 22 dearly
2166 3247 30 18 for
2203 3246 47 18 their
2262 3246 38 18 coal
2308 3244 19 18 in
2335 3243 51 18 order
2393 3242 20 17 to
2418 3246 52 13 Car,

1919 3276 31 17 the
1958 3276 39 17 cost
2004 3274 19 18 of
2034 3279 12 12 a
2054 3272 57 18 strike
2119 3272 19 17 in
2145 3270 85 17 advance.
2254 3268 64 21 Sorely
2333 3267 35 18 Mr.
2385 3266 47 18 John
2445 3265 24 17 N.

1920 3299 66 15 Brown
1995 3295 35 18 and
2039 3295 28 15 his
2074 3294 100 19 colleagues
2183 3298 30 11 are
2220 3293 31 15 not
2259 3292 56 19 going,
2321 3291 20 15 to
2347 3289 22 15 be
2376 3287 28 18 led
2412 3287 21 20 by
2439 3286 31 18 the

1920 3325 43 12 nose
1969 3318 43 17 with
2020 3317 51 17 those
2076 3315 40 15 who
2124 3319 30 12 are
2159 3315 32 15 not
2198 3313 102 20 expending
2304 3311 48 18 their
2356 3315 39 11 own
2401 3313 11 15 m
2412 3313 58 15 oney.

1922 3341 8 17 I
1938 3340 45 21 fear,
1993 3339 30 20 sir,
2030 3338 51 18 there
2089 3341 30 12 are
2127 3341 12 11 a
2152 3334 74 17 number
2233 3333 19 18 of
2261 3338 93 17 managers
2363 3330 107 21 now-aolays

1922 3364 39 19 who
1969 3363 44 19 have
2021 3360 47 19 their
2078 3360 35 17 two
2120 3364 20 13 or
2148 3357 50 20 three
2210 3356 90 20 thousand
2315 3354 69 24 pounds
2399 3359 11 12 a
2424 3357 47 18 ye,r,

1923 3387 40 18 who
1968 3387 45 17 have
2021 3384 91 22 forgotten
2124 3381 58 18 where
2193 3380 43 22 they
2249 3380 63 22 spring
2323 3379 52 17 from.
2399 3377 33 19 Let
2445 3383 26 12 me

1923 3409 59 18 advise
1997 3409 31 17 the
2041 3405 98 21 employers
2153 3403 78 21 through
2246 3403 31 18 the
2296 3403 77 17 medium
2392 3400 19 18 of
2428 3405 45 17 your

1923 3429 71 22 journal
2002 3429 72 18 to-meet
2082 3426 47 17 their
2138 3425 96 18 workmen,
2248 3423 125 21 accompanied
2387 3423 25 19 by
2426 3422 46 17 their

1923 3452 71 21 agents;
2002 3449 34 22 and
2044 3448 100 19 endeavour
2152 3448 19 15 to
2177 3446 53 19 bring
2237 3445 48 18 their
2296 3444 59 18 minds
2370 3445 19 15 to
2405 3448 69 13 reason.

1923 3475 39 19 The
1970 3472 35 24 pits
2017 3470 20 20 in
2049 3469 85 20 Cannock
2146 3468 58 19 Chase
2217 3469 47 17 must
2281 3474 99 13 commence
2393 3465 81 22 working

1924 3496 100 24 operations
2044 3500 48 13 some
2111 3493 43 18 time
2164 3488 4 32 ;
2191 3491 35 18 and
2242 3491 31 18 the
2289 3496 63 13 sooner
2367 3489 32 18 the
2411 3488 64 19 better.

1925 3521 9 18 I
1956 3520 46 18 have
2024 3519 35 17 met
2083 3515 67 18 several
2173 3514 97 22 employers
2298 3514 19 18 in
2346 3513 59 19 North
2427 3510 38 18 Staf-

1925 3542 41 18 ford
1995 3540 65 20 during
2093 3539 30 17 the
2152 3537 37 17 last
2217 3537 34 15 few
2282 3536 50 21 days,
2361 3535 34 18 and
2426 3534 50 18 those

1926 3563 102 22 gentlemen
2035 3560 51 19 don't
2093 3559 53 19 think
2153 3559 15 18 it
2183 3565 11 11 a
2200 3559 86 20 lowering
2294 3557 20 17 of
2323 3556 50 18 their
2380 3555 71 21 dignity
2458 3557 20 14 to

1926 3587 46 18 meet
1981 3591 39 14 me;
2031 3583 35 19 and
2073 3583 17 18 it
2096 3582 43 18 does
2152 3582 32 17 not
2197 3581 73 20 damage
2283 3579 48 19 their
2342 3578 103 22 reputation
2458 3579 20 15 to

1928 3608 54 22 spend
1990 3614 12 11 a
2008 3607 34 18 few
2050 3606 77 19 niinutes
2139 3605 43 18 with
2196 3605 31 17 the
2238 3602 71 18 miners'
2326 3602 54 22 agent
2388 3601 19 18 of
2419 3599 59 19 North

1929 3631 132 19 Staffordshire.
2095 3628 8 17 I
2112 3628 51 17 don't
2174 3633 31 15 say
2213 3632 25 12 we
2252 3626 66 21 always
2330 3631 53 14 agree
2391 3631 24 11 on
2426 3628 52 15 every

1929 3653 60 21 point;
2002 3652 32 17 but
2041 3657 26 12 we
2075 3651 45 17 have
2128 3654 48 12 MOTO
2184 3653 80 12 COOlllOll
2271 3653 50 11 sense
2328 3647 45 17 than
2380 3647 19 17 to
2406 3651 35 12 run
2447 3651 32 12 our

1929 3674 53 18 heads
1990 3673 72 20 against
2069 3677 11 12 a
2088 3671 40 17 wall
2137 3670 73 18 because
2223 3670 52 17 trade
2283 3670 15 17 is
2308 3676 7 9 o
2327 3669 46 17 little
2382 3667 54 17 slack.
2471 3667 8 15 I

1930 3696 61 22 appeal
2000 3697 19 15 to
2028 3696 34 15 Mr.
2072 3693 47 17 John
2127 3692 24 17 N.
2159 3692 65 17 Brown
2232 3693 19 15 to
2267 3697 31 11 use
2306 3690 28 18 his
2342 3690 87 18 influe,ce
2438 3689 41 15 wTh

1930 3724 12 12 a
1949 3718 44 18 view
2001 3719 19 15 to
2028 3717 52 20 bring
2087 3716 77 17 masters
2171 3713 35 18 and
2220 3719 39 11 men
2274 3712 89 22 together.
2395 3711 37 18 The
2441 3716 39 12 men

1930 3741 67 20 offered
2004 3742 19 15 to
2030 3739 92 20 arbitrate,
2132 3737 34 18 aud
2176 3736 41 22 they
2229 3736 37 18 will
2276 3735 89 20 arbitrate
2373 3741 45 12 now.
2437 3733 45 18 lam

1931 3767 20 17 at
1959 3762 91 20 Radstock
2060 3763 18 17 at
2086 3761 31 19 the
2125 3761 71 21 present
2204 3759 48 18 time.
2269 3759 73 21 making
2349 3757 56 22 ready
2415 3756 30 19 for
2452 3756 31 19 the

1932 3787 109 19 arbitration
2048 3784 58 18 which
2114 3784 15 17 is
2138 3785 19 15 to
2165 3783 40 17 take
2213 3782 50 21 place
2271 3783 19 17 at
2298 3781 56 18 Bath.
2362 3788 24 11 on
2399 3781 84 20 Monday.

1935 3808 50 22 April
1993 3808 48 18 27th.
2075 3807 35 17 Mr.
2120 3807 22 15 C.
2152 3804 78 17 Pickard
2243 3804 35 15 will
2289 3804 20 15 be
2323 3801 40 22 glad
2373 3806 19 14 to
2399 3803 46 17 meet
2453 3802 31 17 the
2494 3800 2 31 I

1935 3830 97 21 employers
2041 3831 19 14 at
2072 3827 84 19 Cannock
2167 3827 64 19 Chase,
2245 3826 37 17 and
2297 3826 35 17 Mr.
2347 3824 77 17 Pickard
2439 3823 45 17 Ivan

1935 3852 109 19 bonoarable
2053 3855 46 12 man.
2119 3849 28 17 He
2156 3848 15 18 is
2179 3854 24 12 no
2210 3847 102 22 desperado,
2321 3847 32 18 hut
2360 3846 24 19 he
2392 3846 64 18 wishes
2466 3846 20 17 to

1936 3875 22 18 do
1965 3874 50 24 right
2023 3875 19 17 to
2049 3873 25 19 all
2081 3872 67 22 parties
2158 3870 103 19 concerned.
2284 3870 46 17 How
2342 3868 64 24 simple
2413 3868 14 20 it
2437 3867 48 18 looks

1936 3900 20 18 to
1963 3898 45 21 keep
2015 3898 32 17 the
2054 3896 37 21 pits
2099 3895 33 17 idle
2145 3894 34 18 and
2192 3893 89 22 squander
2294 3893 31 18 the
2333 3895 51 15 extra
2393 3892 64 22 profits
2467 3892 19 17 in

1937 3921 61 20 trying
2014 3921 19 15 to
2046 3921 59 15 starve
2117 3924 11 11 a
2145 3918 33 17 few
2191 3917 98 18 thousands
2302 3917 19 17 of
2334 3917 32 17 the
2378 3920 43 17 poor
2434 3913 43 18 hard-

1937 3943 81 19 working
2027 3946 46 11 men.
2106 3939 19 17 It
2137 3939 15 17 is
2159 3940 32 14 not
2199 3944 11 9 0
2218 3938 37 15 fair
2265 3938 63 19 ba.tle,
2337 3938 35 15 mei
2387 3937 53 17 lithe
2448 3941 40 9 men

1938 3969 45 11 were
1996 3961 72 17 starved
2081 3960 39 17 into
2134 3958 106 18 submission
2257 3958 69 21 toolay,
2341 3958 32 18 the
2391 3957 98 20 employers

1939 3983 57 19 would
2015 3983 46 17 have
2078 3986 40 13 won
2134 3980 77 21 nothing
2223 3980 33 17 but
2268 3980 60 17 shame
2341 3979 34 17 and
2394 3978 96 21 contempt.

1939 4007 39 19 The
1990 4005 109 21 coalowners
2112 4004 46 19 have
2169 4005 48 17 roast
2230 4003 39 19 beef
2282 4003 34 19 awl
2328 4003 45 19 wine
2387 4002 52 20 while
2447 4000 44 22 they

1941 4037 30 12 are
1978 4030 83 22 fighting,
2070 4029 33 19 but
2115 4029 31 18 the
2154 4035 40 12 men
2205 4028 45 18 have
2258 4029 19 17 to
2289 4028 67 18 subsist
2365 4032 48 15 upon
2425 4024 66 19 stinted

1941 4055 74 15 callow.
2039 4052 8 15 I
2054 4051 51 17 often
2113 4051 52 17 think
2173 4051 14 17 if
2199 4050 31 18 the
2238 4050 98 20 employers
2343 4049 37 18 had
2387 4051 20 14 to
2414 4048 77 18 contend

1942 4075 44 17 with
1997 4074 122 20 workingmen
2132 4077 48 17 upon
2192 4076 44 12 even
2249 4071 71 20 ground
2333 4076 27 12 we
2373 4069 63 19 should
2447 4069 45 18 have

1943 4102 43 18 very
1993 4095 34 19 few
2034 4094 103 24 protracted
2145 4094 71 18 strikes.
2238 4093 38 19 The
2284 4094 98 20 employers
2389 4097 31 12 are
2428 4096 54 18 power-

1943 4120 26 19 ful
1981 4119 19 19 ,if
2008 4124 63 15 money
2079 4117 20 19 be
2107 4123 12 12 a
2126 4119 40 17 true
2174 4120 37 15 test
2218 4115 19 19 of
2251 4116 74 22 power).
2334 4115 34 19 and
2378 4114 13 19 if
2399 4114 43 21 they
2450 4114 45 18 have

1943 4141 124 19 accumulated
2081 4140 50 20 large
2139 4140 80 18 fortunes
2228 4140 43 20 they
2276 4146 33 12 can
2322 4140 40 17 well
2375 4137 58 18 afford
2441 4139 20 17 to
2472 4137 21 17 be

1943 4163 110 18 reasonable.
2074 4162 9 17 I
2099 4162 76 17 hesitate
2186 4162 32 17 not
2235 4163 19 14 to
2262 4167 31 13 say
2306 4161 41 18 that
2361 4160 32 18 the
2407 4166 58 14 wages
2478 4159 19 17 of

1944 4185 83 22 working
2034 4191 40 11 men
2082 4183 64 18 should
2158 4185 32 15 not
2203 4183 21 17 be
2236 4182 78 18 touched
2326 4182 47 17 until
2385 4187 52 15 every
2445 4180 52 18 other

1945 4208 70 17 scheme
2022 4207 32 18 has
2061 4206 45 18 been
2114 4205 47 19 tried
2176 4207 19 15 to
2202 4205 52 18 make
2262 4211 11 11 a
2280 4205 65 21 profit;
2357 4204 35 18 and
2405 4204 50 17 when
2466 4204 31 17 the

1945 4231 97 21 employers
2050 4234 31 13 are
2089 4228 61 18 driven
2158 4230 20 17 to
2185 4227 64 18 reduce
2256 4227 32 18 the
2295 4232 59 18 wages
2360 4226 20 18 of
2387 4226 32 18 the
2426 4225 71 19 labour.

1945 4253 31 22 log
1993 4258 47 18 poor,
2048 4252 44 22 they
2106 4251 58 22 ought
2178 4251 19 18 to
2212 4251 47 18 meet
2271 4251 48 17 their
2328 4250 91 19 workmen
2426 4248 72 21 frankly

1946 4277 35 17 and
1996 4276 60 20 fairly,
2066 4274 34 17 and
2108 4274 50 17 show
2165 4279 12 11 a
2191 4273 37 22 just
2236 4278 52 12 cause
2302 4272 30 18 for
2346 4272 43 18 such
2400 4271 98 19 reduction.

1948 4298 17 18 If
1972 4298 40 17 that
2021 4303 34 11 was
2067 4296 51 20 done,
2126 4296 32 18 the
2165 4302 45 14 men,
2219 4302 44 14 poor
2271 4300 19 11 as
2297 4296 44 20 they
2348 4300 37 12 are,
2393 4294 59 17 would
2460 4294 31 15 sub-

1949 4320 33 17 mit
1989 4322 19 15 to
2016 4325 12 11 a
2034 4318 51 22 right
2098 4318 53 21 thing
2165 4317 76 18 without
2249 4322 12 12 a
2268 4322 86 13 murmur.
2378 4316 8 18 I
2401 4317 56 19 trust,
2469 4316 31 17 sir.

1949 4342 35 19 this
1993 4342 54 19 letter
2054 4341 38 18 will
2099 4341 46 18 have
2152 4341 32 17 the
2191 4338 71 19 desired
2274 4338 59 19 effect.
2342 4339 8 17 I
2359 4344 28 12 am
2395 4338 76 17 anxious
2483 4339 20 15 to

1949 4370 28 13 see
1984 4364 31 18 the
2028 4364 71 22 present
2107 4362 80 24 struggle
2197 4361 86 24 amicably
2291 4361 72 19 settled.
2386 4361 39 19 The
2437 4361 65 18 miners

1949 4388 45 19 have
2002 4388 54 18 borne
2069 4387 47 19 their
2125 4382 84 25 hardship
2217 4384 54 22 nobly
2280 4384 35 18 and
2327 4384 94 22 patiently.
2445 4383 58 19 There

1949 4411 15 17 is
1974 4417 21 11 no
2003 4409 120 24 complaining
2132 4409 19 18 in
2158 4408 31 19 the
2197 4410 70 17 streets.
2282 4408 59 22 Every
2350 4408 56 18 miner
2413 4407 32 19 has
2453 4407 51 18 made

1950 4440 24 15 up
1989 4433 27 19 his
2033 4433 48 18 mind
2096 4434 20 17 to
2130 4431 76 18 demand
2218 4430 65 22 justice
2295 4434 20 14 at
2330 4430 31 19 the
2375 4430 57 18 hands
2445 4429 20 19 of
2476 4429 28 18 his

1950 4456 96 21 employer,
2054 4455 35 17 and
2098 4454 77 21 nothing
2184 4459 54 13 more.
2263 4453 38 19 The
2313 4453 53 18 effect
2373 4453 20 17 of
2405 4453 31 18 the
2448 4453 56 18 strike

1950 4479 32 15 has
1990 4479 31 15 not
2029 4478 45 17 been
2082 4478 53 15 much
2144 4476 34 17 felt
2184 4478 37 19 yet,
2230 4476 35 15 nod
2278 4476 8 15 I
2300 4476 47 15 trust
2360 4475 61 17 before
2430 4474 74 18 another

1951 4499 48 17 week
2008 4505 24 9 an
2040 4498 86 17 amicable
2134 4498 103 17 settlement
2245 4498 37 15 will
2289 4496 22 15 be
2320 4501 48 12 come
2378 4498 24 14 to.

2194 4518 59 19 Yours
2262 4518 56 21 truly,

2340 4540 47 19 WR.
2400 4539 84 19 BROWN.

1954 4567 80 21 Buckley
2041 4567 81 21 Terrace,
2132 4566 78 22 Hanley,
2217 4565 59 24 April,
2288 4565 50 18 1874.

1976 4610 39 18 The
2029 4610 92 21 following
2134 4610 53 18 letter
2200 4616 35 11 wan
2248 4609 97 18 addressed
2355 4609 24 20 by
2391 4609 31 17 the
2437 4607 72 21 general

1955 4636 85 18 manager
2048 4631 19 18 of
2074 4631 31 17 the
2113 4631 84 18 Cannock
2211 4631 58 18 Chase
2277 4631 78 21 Colliery
2363 4630 32 18 Co.
2404 4633 20 14 to
2434 4629 31 19 fie
2473 4635 27 12 sec-

1955 4655 60 20 retary
2023 4654 19 17 of
2049 4654 31 17 the
2094 4654 137 21 Amalgamated
2245 4654 113 18 Association
2372 4652 19 18 of
2402 4652 57 17 Millet
2459 4652 9 17 ,
2469 4652 9 17 .
2491 4651 18 17 in

1956 4675 50 22 reply
2013 4676 19 17 to
2041 4681 9 12 a
2059 4676 80 22 proposal
2147 4675 46 19 from
2203 4676 32 18 the
2243 4676 56 18 latter
2306 4676 20 18 to
2334 4681 13 13 r,
2353 4675 28 19 fcr
2388 4675 31 18 the
2428 4675 80 21 question

1956 4698 19 18 in
1983 4698 71 22 dig:lute
2061 4698 80 19 between
2150 4698 31 19 the
2189 4701 76 17 masters
2274 4698 34 19 and
2316 4704 41 13 men
2366 4701 19 15 to
2393 4697 115 19 arbitration.

1956 4727 26 13 we
1990 4721 57 19 insert
2056 4727 24 13 an
2087 4727 70 13 answer
2165 4724 20 15 to
2197 4722 31 18 the
2243 4722 61 22 appeal
2320 4722 46 18 from
2385 4721 37 19 Mr.
2428 4720 80 19 William

1956 4744 72 20 Brown,
2035 4744 73 18 miners'
2119 4747 59 18 scent,
2186 4746 14 18 it
2209 4746 76 19 being—

2209 4789 79 19 liirnSiiin
2288 4789 7 19 ,
2295 4789 33 19 ham,
2334 4792 35 13 21st
2376 4789 65 17 March,
2450 4789 13 15 Vs
2463 4789 28 15 7-1.

1976 4808 65 17 Sta,—l
2048 4808 41 13 have
2096 4812 43 13 your
2145 4808 59 15 favour
2211 4809 18 14 of
2235 4809 28 14 the
2272 4806 7 18 .
2280 4806 7 18 2
2287 4806 7 18 ,
2294 4806 21 18 111
2327 4809 46 15 in-t.,
2389 4808 59 17 asking
2459 4807 12 14 if
2481 4807 28 13 the

1956 4826 66 19 dispute
2029 4831 21 9 on
2057 4825 28 15 the
2093 4826 85 15 reduction
2185 4826 18 15 of
2210 4831 53 12 wazes
2270 4827 17 14 in
2295 4827 28 14 the
2330 4825 77 17 Cannock
2414 4825 53 15 Chase
2478 4825 25 14 die-

1956 4845 41 15 trict
2006 4848 32 11 can
2043 4844 20 14 be
2069 4844 71 15 referred
2147 4846 18 13 to
2172 4845 104 15 arbitfaton.
2289 4845 19 15 In
2315 4845 52 19 reply,
2375 4844 34 15 Ibf
2427 4844 18 13 to
2452 4844 59 13 inform

1958 4869 33 14 yon
1998 4864 39 15 that
2042 4863 30 15 the
2082 4863 98 20 deputation
2197 4864 17 15 of
2230 4864 81 17 deliwat,
2328 4860 32 18 .a
2378 4863 64 15 colliers
2458 4861 53 15 which

1958 4883 61 17 waited
2024 4887 44 14 upon
2075 4883 30 14 the
2112 4885 69 13 masters
2187 4889 21 11 on
2217 4883 85 20 Thursday
2308 4883 32 15 last
2347 4887 33 9 was
2385 4881 85 18 distinctly
2477 4879 34 17 told

1958 4903 39 15 that
2004 4902 30 15 the
2041 4903 69 13 masters
2117 4903 48 14 could
2171 4904 30 13 not
2206 4904 67 13 consent
2282 4905 18 11 to
2307 4903 47 13 allow
2362 4903 28 13 tin-
2398 4903 60 13 matter
2465 4903 19 12 to
2493 4898 20 17 be

1956 4920 227 14 _refemeskto-,rbitration_
2189 4920 93 17 Spsaking_
2288 4920 35 13 fat_
2329 4920 41 13 tho_
2376 4918 77 17 Cannock
2460 4918 53 14 Chase

1959 4938 70 15 Colliery
2036 4937 28 18 co.
2073 4937 46 12 alone
2130 4938 39 12 (and
2176 4938 8 12 I
2191 4937 41 12 have
2239 4939 21 8 no
2268 4941 56 7 mean.
2341 4936 18 12 of
2374 4935 139 13 come...nicotine

1959 4955 19 12 St
1984 4955 35 12 this
2027 4955 61 12 inmate
2095 4954 39 12 vrith
2140 4954 31 13 the
2178 4954 46 13 other
2231 4951 107 15 companies',
2347 4951 7 12 I
2367 4954 39 12 may
2417 4950 69 11 venture
2494 4950 19 11 ta

1956 4965 1 21 !
1959 4972 30 14 say
1995 4969 40 14 that
2042 4974 25 8 we
2080 4968 59 14 should
2152 4969 40 13 have
2202 4971 21 9 no
2229 4968 84 15 objection
2326 4967 83 12 whatever
2419 4967 18 12 to
2447 4968 20 13 go
2478 4965 35 12 into

1956 4981 1 22 1
1961 4987 28 13 the
1995 4987 77 17 question
2079 4985 18 15 of
2104 4989 59 14 wages,
2170 4985 33 14 and
2210 4988 74 13 compare
2293 4982 65 18 n2.nres,
2366 4981 40 14 with
2413 4984 33 14 any
2453 4983 59 14 person

1956 5001 1 20 ,
1959 5003 40 17 duly
2006 5003 89 18 appointed
2102 5004 18 14 to
2127 5007 27 11 act
2161 5007 21 11 on
2190 5001 57 15 behalf
2252 5001 17 14 of
2276 5001 30 13 the
2313 5004 41 9 men.

2203 5020 7 13 I
2218 5023 33 11 am,
2258 5020 27 12 ,ir.
2295 5021 38 13 your
2333 5021 11 13 ,
2350 5017 52 17 trn:y,

2186 5036 65 17 ISitened
2251 5036 8 17 ,
2335 5034 47 13 JOHN
2394 5034 21 14 N.

1980 5053 32 13 Mr.
2019 5053 44 13 John
2070 5053 74 14 Worrnh,
2154 5053 83 14 Secretary
2245 5050 125 13 Amdzsmated

2015 5068 104 13 Association
2126 5069 17 12 of
2150 5069 66 12 Miner,
2223 5066 110 14 Manchester.

2477 535 76 21 MASS
2576 530 154 22 MEETINGS
2747 530 38 19 OF
2804 527 116 21 MINERS

2575 559 33 21 IN
2633 554 198 25 SHROPSHIRE.

2447 595 87 20 DAWLES.
2535 595 12 20 —
2546 595 39 20 Ort
2596 594 83 21 Tuesday
2692 593 19 17 in
2726 592 34 17 last
2772 591 48 17 week
2832 589 33 15 Mr.
2875 589 69 20 Coop,
2954 586 20 17 ad-

2426 620 71 18 dressed
2504 619 32 18 the
2544 618 54 18 above
2607 617 84 21 meeting,
2704 614 35 17 and
2752 613 31 18 the
2794 618 41 12 men
2843 611 65 19 agreed
2919 613 20 13 to
2949 613 35 18 pay

2427 644 47 18 their
2481 643 54 17 levies
2543 644 20 14 to
2571 646 9 11 a
2589 644 47 13 man.

2450 663 175 20 Itio,ann.:E.-05
2636 663 31 15 the
2680 659 90 20 following
2783 658 39 21 day.
2833 657 34 17 Mr.
2876 657 70 19 (''pen
2956 652 9 18 .
2966 652 20 18 1-

2430 689 71 17 dres,ed
2513 693 9 9 a
2537 685 78 21 meeting
2631 686 21 15 at
2662 684 32 18 the
2707 683 54 17 above
2777 680 57 22 place.
2849 678 34 18 oul
2898 680 31 14 Ilso
2946 681 40 11 men

2431 716 48 12 roses
2487 711 21 15 it
2530 711 72 18 support
2611 707 30 15 the
2650 711 41 11 men
2699 705 19 17 in
2726 704 58 17 South
2792 703 83 17 Stafford.

2453 729 155 19 BIIOFELE,—On
2616 729 31 17 the
2663 728 50 15 03rd.
2727 726 34 15 Mr.
2778 725 69 19 Cooper
2865 722 39 17 all,
2921 720 38 15 -s.d

2432 755 78 18 meeting
2524 752 19 15 of
2558 756 48 13 men,
2621 750 39 17 who
2674 748 78 18 likewise
2767 752 37 15 agrs
2810 746 21 15 el
2845 748 20 13 to
2877 748 39 17 supi
2928 745 21 13 irt
2957 742 31 17 the

2454 795 169 21 OASINGATES.—A
2630 800 48 12 mass
2686 793 78 21 meeting
2771 790 20 17 of
2797 790 105 22 enginemen
2909 793 37 12 was
2949 785 41 18 held

2434 822 50 17 when
2492 820 25 17 all
2525 819 66 21 agreed
2606 820 19 14 to
2641 819 72 20 support
2727 815 32 17 the
2774 814 72 18 miners,
2862 813 14 17 if
2884 811 35 17 10s.
2929 815 11 12 a
2947 809 44 18 fort.

2434 844 52 20 night
2493 843 17 15 is
2516 840 74 18 wanted.

2458 863 57 17 LON,I
2515 863 11 17 ,
2525 863 70 17 E.N.—A
2602 860 74 17 miner's
2685 859 77 18 meeting
2770 862 34 11 was
2811 856 44 15 held
2869 860 24 12 on
2908 853 73 17 Wednes-

2438 886 40 21 day,
2490 885 50 15 when
2549 882 34 17 Mr.
2593 882 69 20 Cooper
2680 879 96 18 addressed
2793 879 31 15 the
2841 882 46 11 mot
2900 875 61 21 saying
2969 874 24 15 he

2439 914 34 11 was
2480 906 53 19 much
2542 904 99 24 displeased
2649 905 18 15 at
2675 902 32 17 the
2726 905 34 19 way
2783 900 31 18 the
2832 899 87 17 members
2934 898 20 15 of
2963 896 31 15 the

2439 931 86 22 Lowden
2532 930 52 21 lodge
2593 927 35 18 had
2636 925 52 19 acted
2696 925 18 18 in
2722 925 67 20 having
2797 924 31 18 the
2836 922 54 17 levies
2896 920 44 18 back
2947 919 47 19 from

2439 956 32 17 the
2479 953 77 17 distriet.
2568 951 59 20 seeing
2634 951 40 15 that
2682 951 18 14 at
2709 948 35 17 this
2752 948 44 15 time
2804 946 41 21 they
2856 951 43 11 were
2908 950 19 9 so
2943 943 53 17 mach

2440 977 67 17 needed
2516 977 19 14 to
2543 976 73 20 support
2624 972 32 17 the
2674 972 67 15 miners
2759 970 40 15 who
2818 973 45 9 were
2870 970 32 13 eat
2911 967 18 15 M
2939 965 58 17 South

2443 996 131 20 Staffordshire.
2596 994 38 15 But
2641 993 13 17 if
2661 992 43 21 they
2713 996 44 12 were
2765 990 109 18 determined
2878 990 20 15 to
2903 989 45 20 keep
2953 986 45 17 back

2441 1020 48 18 their
2497 1020 79 21 support,
2589 1018 21 17 he
2620 1022 34 11 was
2667 1013 109 18 determined
2791 1013 31 15 not
2837 1013 19 15 to
2871 1016 50 13 come
2934 1013 65 15 :imong

2441 1044 50 17 them
2499 1048 34 15 any
2542 1046 54 12 more.
2613 1039 50 20 seing
2676 1037 41 18 that
2732 1036 30 17 his
2778 1035 45 17 time
2842 1033 56 20 might
2948 1032 51 20 spent

2444 1068 57 15 better
2509 1064 34 17 else
2552 1064 63 17 where.
2639 1061 39 17 The
2686 1064 40 12 men
2733 1059 19 15 of
2764 1057 69 21 Dudley
2843 1056 34 18 awl
2884 1055 115 20 thikengates

2444 1088 58 19 would
2510 1089 31 14 not
2549 1087 52 17 allow
2608 1084 38 17 him
2654 1084 19 17 to
2681 1088 50 11 come
2739 1087 33 15 any
2780 1084 50 12 more
2837 1078 14 17 if
2862 1078 41 21 they
2921 1076 28 18 did
2968 1077 32 14 not

2445 1116 33 15 pay
2486 1110 41 17 that
2536 1108 57 17 which
2603 1108 15 15 it
2627 1111 34 11 was
2668 1106 48 15 their
2724 1104 43 19 duty
2774 1103 20 15 to
2803 1107 39 15 pay.
2874 1101 39 15 The
2928 1100 74 14 masters

2446 1133 35 14 had
2489 1136 11 9 a
2506 1130 57 15 union
2578 1129 35 17 and
2631 1127 43 20 they
2693 1124 98 21 supported
2803 1123 40 17 that
2857 1122 57 17 union
2928 1122 19 14 to
2963 1124 30 15 pro-

2446 1154 38 17 tect
2491 1153 48 15 their
2557 1152 79 15 interrst,
2655 1147 35 18 and
2702 1147 13 15 if
2727 1150 41 11 men
2786 1144 58 15 would
2863 1144 32 14 not
2910 1146 35 17 pay
2965 1141 39 15 into

2448 1182 9 11 a
2465 1175 56 18 anion
2538 1173 28 19 for
2585 1172 47 19 their
2650 1169 81 19 interest,
2751 1167 43 21 they
2806 1167 46 15 mnst
2871 1165 22 17 be
2911 1163 30 21 big
2956 1161 46 18 fads

2448 1198 69 20 indeed.
2542 1198 27 17 He
2576 1196 41 18 that
2636 1193 56 18 walks
2711 1192 44 18 with
2773 1191 32 17 the
2824 1188 40 17 wise
2881 1186 46 19 shall
2934 1186 72 18 become

2450 1224 45 18 wise,
2505 1221 32 17 but
2546 1226 9 12 a
2564 1218 105 24 companion
2678 1217 19 17 of
2707 1215 45 17 fools
2761 1213 46 18 shall
2816 1212 20 18 be
2845 1209 98 22 destroyed.
2967 1208 39 17 And

2450 1251 20 11 no
2489 1245 14 15 it
2518 1248 35 11 was
2572 1243 13 15 if
2604 1243 43 19 they
2667 1238 70 22 applied
2754 1238 37 15 this
2810 1238 20 13 to
2850 1235 32 15 the
2901 1231 106 19 association

2458 1267 27 15 for
2492 1265 14 18 if
2512 1265 44 20 they
2563 1264 44 20 kept
2615 1264 19 14 in
2641 1263 14 15 it
2668 1261 22 20 by
2705 1259 65 21 payil.e
2781 1257 48 18 their
2836 1257 56 15 levies
2898 1254 35 15 and
2941 1253 57 17 contri-

2451 1287 71 17 butions
2530 1286 43 21 they
2581 1284 57 18 would
2644 1283 22 17 be
2680 1281 59 18 acting
2752 1281 30 14 the
2794 1279 39 21 part
2843 1277 19 18 of
2874 1277 40 15 wise
2922 1280 47 14 men,
2978 1274 31 15 but

2452 1311 13 17 if
2472 1310 44 17 thee
2523 1309 46 15 went
2578 1309 31 14 out
2622 1306 44 20 they
2673 1303 59 18 would
2740 1304 28 14 act
2780 1302 32 17 the
2828 1300 40 21 part
2881 1298 19 17 of
2915 1296 51 19 fools,
2974 1296 35 17 and

2452 1333 32 15 the
2491 1328 76 20 Masters
2575 1329 57 17 wouild
2647 1328 26 17 it
2687 1326 50 17 them
2745 1325 51 17 know
2804 1323 13 17 it
2830 1322 47 17 after
2885 1320 64 19 having
2965 1319 46 15 done

2453 1361 26 13 so,
2487 1355 35 17 and
2536 1354 46 17 then
2589 1352 39 15 who
2639 1349 58 18 would
2711 1348 43 21 they
2761 1348 45 15 have
2815 1348 19 13 to
2842 1343 57 18 blame
2911 1342 31 17 but
2954 1342 57 15 them.

2454 1377 61 17 selves.
2538 1375 58 17 When
2603 1374 32 17 the
2642 1377 57 17 wage,
2706 1375 46 12 were
2760 1368 76 18 reduced
2849 1367 35 15 and
2893 1365 31 15 the
2933 1364 53 15 hours
2993 1362 20 17 of

2454 1400 63 17 labour
2530 1395 109 22 lengthened
2648 1395 19 17 to
2685 1394 38 17 145
2732 1393 33 21 day
2772 1389 70 18 ins.ead
2854 1389 19 15 of
2885 1388 11 15 0
2904 1388 43 19 they
2955 1384 58 17 would

2454 1421 32 19 tell
2496 1427 9 11 a
2512 1420 83 18 different
2602 1419 44 17 tale.
2665 1416 28 17 He
2701 1415 64 18 should
2772 1414 35 17 like
2816 1414 32 15 the
2855 1411 76 15 masters
2935 1414 19 12 to
2962 1407 51 18 make

2456 1443 25 15 all
2491 1442 32 17 the
2536 1441 99 17 non-anion
2647 1443 40 11 men
2695 1439 48 14 work
2752 1437 26 15 for
2793 1437 24 14 is.
2826 1434 27 17 tint.
2863 1440 11 9 n
2882 1433 33 20 day
2924 1431 34 14 and
2967 1429 47 17 work

2456 1466 22 15 24
2485 1465 57 15 hours
2551 1463 30 15 for
2588 1462 46 17 that,
2642 1460 34 17 and
2686 1460 28 20 get
2726 1459 40 21 paid
2778 1461 52 17 every
2837 1456 41 15 four
2890 1459 57 15 years,
2955 1452 38 15 and
3001 1450 14 15 if

2457 1492 34 13 one
2497 1486 20 17 of
2523 1485 51 18 them
2582 1483 40 17 died
2629 1482 64 19 during
2705 1481 31 17 the
2744 1480 43 17 time
2794 1479 59 17 before
2863 1478 30 15 the
2906 1479 33 18 pay
2947 1474 33 20 day
2988 1473 28 15 for

2458 1509 24 17 all
2490 1509 19 15 of
2516 1508 27 17 his
2551 1512 64 15 money
2622 1507 19 15 to
2649 1505 21 17 be
2680 1505 50 20 given
2735 1505 19 14 to
2763 1504 31 15 the
2803 1500 86 18 members
2894 1498 18 17 of
2919 1498 31 15 the
2955 1495 60 17 union.

2458 1538 20 9 so
2486 1531 40 17 that
2535 1531 18 15 at
2565 1530 30 15 his
2602 1527 54 17 death
2665 1527 31 17 the
2705 1525 54 17 union
2766 1525 58 17 might
2837 1522 20 15 be
2867 1519 87 19 benefited
2961 1518 22 20 by
2996 1518 20 17 it.

2458 1556 20 14 to
2486 1552 51 17 make
2545 1557 24 14 up
2584 1551 28 15 for
2628 1550 46 15 what
2691 1548 22 15 he
2721 1547 18 15 in
2747 1546 30 17 his
2783 1545 32 18 life
2822 1544 35 18 had
2864 1543 48 17 raids,
2920 1541 11 15 d
2942 1540 51 17 theist
2999 1539 20 17 of

2459 1574 24 20 by
2491 1573 72 20 helping
2571 1572 31 15 the
2610 1572 76 15 masters
2693 1570 19 15 to
2719 1573 73 15 oppress
2799 1567 31 15 the
2839 1565 54 15 union
2902 1567 40 12 mon
2952 1567 18 9 so
2978 1561 40 15 that

2460 1596 43 20 they
2512 1593 64 15 should
2588 1592 43 17 both
2637 1591 51 17 learn
2696 1596 9 11 a
2713 1590 59 17 lesson
2780 1589 46 15 from
2835 1586 47 17 their
2890 1584 53 17 death
2954 1589 19 9 as
2980 1581 39 17 well

2466 1622 15 12 ia
2489 1616 47 17 their
2543 1616 37 15 life.
2615 1613 27 15 He
2655 1613 47 15 must
2717 1616 31 15 say
2757 1610 40 17 that
2806 1609 24 17 all
2838 1609 18 14 of
2868 1607 31 15 the
2907 1605 86 17 members
3001 1603 19 17 of

2461 1639 41 17 that
2510 1637 70 18 district
2588 1635 65 18 wished
2660 1635 50 17 them
2718 1632 45 17 well.
2771 1632 32 17 but
2811 1631 14 17 if
2836 1630 43 20 they
2888 1629 30 17 did
2933 1629 31 14 not
2976 1626 43 15 Wbal

2463 1661 106 19 themselves
2583 1658 40 17 well
2636 1658 14 17 it
2662 1662 37 13 was
2706 1656 19 17 of
2735 1661 22 12 no
2771 1661 31 11 use
2817 1654 74 18 sending
2907 1651 37 17 him
2956 1655 65 15 among

2463 1685 57 18 them,
2526 1683 32 17 but
2565 1683 24 15 he
2596 1682 48 15 must
2659 1681 33 17 tell
2706 1680 51 15 them
2771 1678 40 15 that
2830 1676 24 17 he
2867 1675 52 17 much
2930 1671 91 22 respected

2465 1707 56 19 them,
2539 1704 34 17 and
2593 1704 40 15 that
2648 1708 35 11 was
2695 1707 34 11 one
2739 1706 52 12 cause
2799 1700 18 15 of
2829 1698 27 17 his
2871 1697 70 17 eoming
2957 1700 64 14 among

2465 1729 56 17 them.
2555 1727 34 15 But
2598 1727 21 15 he
2628 1727 47 14 must
2682 1723 32 17 tell
2722 1723 50 17 them
2780 1722 41 17 that
2833 1720 37 17 this
2882 1719 58 15 wieild
2954 1717 21 15 be
2991 1716 31 17 the

2465 1752 35 15 Last
2511 1750 51 15 time.
2569 1748 59 17 unless
2640 1747 43 21 they
2699 1747 39 17 sent
2753 1746 31 15 the
2797 1743 54 17 levies
2859 1746 52 13 mar
2920 1740 50 18 there
2979 1743 44 12 were

2466 1773 33 17 500
2506 1772 87 17 members
2601 1769 72 17 waiting
2686 1769 20 15 to
2720 1767 38 21 join
2774 1766 40 18 that
2830 1765 71 17 district
2916 1762 106 17 then—men

2466 1795 39 15 who
2520 1798 44 12 were
2581 1794 31 14 not
2628 1792 56 15 :41-.1
2695 1792 20 14 to
2722 1795 34 15 pay
2765 1794 11 11 a
2784 1789 26 15 Os.
2817 1787 30 17 M.
2855 1786 45 20 levy.
2923 1785 27 15 lie
2967 1782 56 22 hoped

2466 1818 43 20 they
2518 1815 57 15 would
2582 1814 52 17 think
2642 1813 31 17 the
2681 1813 66 15 matter
2754 1817 48 14 over,
2810 1809 35 17 and
2855 1808 43 17 send
2913 1807 31 17 the
2960 1811 63 15 money

2466 1838 98 19 forthwith.

2490 1861 53 15 Votes
2551 1859 18 18 of
2580 1858 67 19 thanks
2654 1858 19 17 to
2680 1857 32 17 the
2725 1856 53 21 agent
2793 1853 37 18 and
2844 1852 91 18 ehainnau
2948 1850 5 27 7
2960 1850 63 18 sought

2477 1883 15 17 11,
2492 1883 6 17 ,
2506 1883 78 15 meeting
2591 1883 19 14 to
2620 1886 9 9 a
2639 1880 53 15 close.

2491 1905 39 15 Tile
2537 1909 41 12 men
2588 1903 37 17 said
2634 1903 45 18 they
2686 1900 58 15 would
2752 1904 34 17 pay
2794 1899 32 15 the
2835 1897 60 17 levies.

2506 1974 115 21 MINERS
2635 1970 138 22 MEETING
2787 1968 38 21 AT
2839 1967 145 21 MADELEY.

2493 2011 28 15 On
2530 2010 65 21 Friday
2604 2008 76 21 evening
2694 2007 32 18 the
2741 2006 51 17 usual
2807 2004 106 19 fortnightly
2928 2002 78 18 meeting
3012 2002 19 17 of

2473 2033 33 19 No.
2516 2033 9 17 2
2535 2033 60 20 Lodge
2602 2031 43 15 took
2654 2030 56 21 place.
2732 2028 34 18 Mr.
2774 2028 63 18 Jones,
2849 2027 98 15 President.
2963 2029 35 11 was
3013 2024 18 15 in

2473 2056 31 15 the
2511 2054 57 18 chair,
2580 2053 35 18 and
2622 2053 51 17 made
2682 2057 11 11 a
2700 2052 33 15 few
2746 2049 80 17 remarks
2842 2048 52 18 about
2910 2047 31 17 the
2956 2047 74 17 interest

2473 2079 19 14 of
2504 2078 30 15 the
2542 2081 40 11 men
2590 2075 64 20 falling
2661 2074 30 17 oft
2702 2073 76 17 because
2785 2072 43 20 they
2836 2070 35 15 had
2885 2074 30 11 not
2931 2069 34 15 had
2982 2068 11 17 I.
3000 2073 31 12 use

2476 2101 19 14 to
2503 2100 66 15 'collie
2639 2096 56 15 which
2704 2100 35 11 was
2746 2094 64 17 almost
2819 2098 24 12 all
2848 2092 123 21 impossibility
2975 2091 57 15 under

2474 2122 31 15 the
2513 2122 71 20 present
2593 2119 143 18 ciremustances,
2747 2115 117 18 condemning
2872 2119 47 12 seine
2928 2118 46 12 10,-n,

2476 2145 22 17 he
2505 2143 86 20 believed,
2602 2141 37 18 had
2646 2141 45 17 been
2699 2140 63 21 saying
2769 2140 20 17 to
2803 2138 32 18 the
2850 2138 129 17 chartemast.r
2993 2134 39 17 that

2477 2167 40 21 they
2526 2165 57 18 would
2591 2165 71 18 neither
2670 2164 39 21 stop
2719 2164 19 15 in
2745 2163 31 17 the
2784 2161 60 17 Union
2851 2166 21 11 or
2881 2164 33 18 pay
2922 2164 33 17 any
2972 2157 60 18 levies.

2478 2190 32 17 Mr.
2530 2190 72 15 Parton,
2626 2192 33 11 one
2672 2186 18 17 of
2700 2186 32 17 the
2751 2184 90 20 delegates
2849 2184 18 15 at
2875 2183 65 15 confer,
2946 2186 32 11 nee
2989 2180 43 17 said.

2478 2211 22 17 he
2510 2216 33 11 was
2551 2215 48 14 sorry
2608 2210 19 15 to
2634 2209 45 15 hear
2686 2209 40 14 that
2733 2207 51 14 there
2792 2205 38 17 had
2836 2205 44 15 bon
2889 2209 9 11 a
2908 2209 33 14 rep.
2947 2206 20 12 dt
2980 2203 53 14 about

2478 2233 40 14 that
2525 2232 22 15 he
2556 2230 35 17 had
2600 2232 31 14 not
2640 2230 51 19 given
2699 2229 18 15 its
2725 2229 30 15 the
2764 2229 59 19 report
2831 2226 18 15 of
2856 2226 32 15 the
2896 2229 47 13 wage
2987 2223 46 17 stion

2478 2254 92 21 correctly,
2582 2252 32 17 bat
2621 2251 22 18 he
2652 2256 34 12 was
2694 2249 85 25 prepared
2787 2250 18 15 to
2815 2254 30 11 say
2852 2248 40 17 that
2902 2246 21 15 he
2931 2245 35 17 had
2983 2245 51 19 given

2478 2278 15 15 it
2502 2277 19 17 in
2528 2275 91 18 correctly.
2642 2275 18 17 It
2667 2280 35 11 was
2709 2274 31 17 the
2748 2271 45 18 fault
2799 2271 19 17 of
2825 2265 31 22 the
2864 2272 65 19 report.
2935 2275 24 11 cc.
2981 2268 53 17 What

2479 2301 22 15 he
2509 2298 37 17 said
2554 2303 35 11 was
2596 2298 40 15 that
2641 2297 32 17 the
2680 2296 70 17 loaders
2763 2294 57 17 would
2836 2293 66 17 receive
2917 2291 32 17 4=..
2961 2290 35 17 and
3005 2290 30 17 th.•

2480 2323 44 17 mitt.
2531 2327 18 9 rs
2554 2320 19 17 of
2583 2320 39 15 coal
2630 2320 25 15 is.
2663 2319 28 14 fa.
2700 2323 32 17 per
2739 2317 33 20 day
2781 2317 18 14 of
2811 2317 11 13 S
2836 2320 53 12 mur=,
2902 2314 46 15 after
2962 2314 31 14 the
3009 2317 25 11 re•

2480 2343 78 19 auction,
2570 2341 34 18 mut
2614 2341 13 17 if
2637 2341 43 21 they
2687 2341 30 18 got
2726 2344 47 11 more
2783 2339 40 20 they
2833 2342 9 9 w
2861 2336 15 9 -'
2884 2334 5 28 1
2900 2335 38 17 has,
2954 2336 19 15 to
2988 2334 47 17 work

2481 2369 48 14 extra
2538 2366 56 17 hours
2600 2356 4 28 ;
2614 2363 33 17 and
2655 2365 19 14 to
2683 2363 30 21 get
2721 2362 31 17 the
2759 2366 64 15 money
2832 2362 12 12 a
2911 2363 9 15 y
2936 2357 33 15 Mr.
2986 2356 50 17 Pick.

2481 2388 38 18 and,
2530 2388 33 17 the
2569 2392 41 12 men
2619 2385 58 18 would
2685 2386 44 15 have
2735 2386 20 14 to
2765 2383 45 15 work
2825 2382 26 15 tin
2920 2380 25 15 sLI:
2954 2381 15 14 at
2979 2379 58 20 nigld.

2483 2411 48 20 They
2541 2415 9 9 a
2556 2408 40 17 mild
2604 2409 71 15 observe
2683 2407 40 17 that
2731 2406 24 17 lie
2763 2411 34 11 was
2805 2405 34 15 doa
2943 2402 34 15 C.
2979 2406 58 17 ..opera.

2483 2433 34 17 tie.,
2525 2431 38 18 hall
2571 2431 34 17 and
2610 2431 31 17 the
2649 2431 89 20 reporters
2745 2433 45 11 were
2797 2428 19 15 at
2824 2426 17 17 th
2841 2426 8 17 ,
2928 2425 40 17 end,
2980 2424 58 15 which

2484 2461 33 9 was
2523 2457 19 14 to
2546 2453 47 18 their
2598 2452 90 18 gismlyant
2693 2457 37 13 age.
2753 2451 28 15 lie
2786 2450 30 15 did
2822 2454 14 9 is
2864 2447 4 24 -
2935 2447 2 24 •
2952 2447 87 15 1.....0rrers

2484 2478 33 18 had
2526 2477 45 18 done
2578 2477 14 17 it
2601 2476 79 17 wilfully,
2686 2476 33 15 but
2731 2472 78 18 believed
2820 2472 19 15 lb
2872 2465 2 31 '
2902 2465 1 31 '
2934 2473 8 9 .7
2972 2465 8 24 .
2980 2465 59 24 rrectly

2484 2500 56 17 heard
2545 2499 44 17 him.
2613 2498 38 18 The
2663 2497 102 18 conference
2778 2500 45 11 were
2836 2502 13 7 e.
2871 2496 5 21 -
2941 2496 2 21 i

2956 2496 21 11 ..•
2993 2490 46 18 their

2484 2523 59 17 notice
2550 2522 57 17 would
2615 2526 43 12 SOl.lll
2667 2519 65 21 expire,
2739 2517 90 18 therefore
2835 2515 5 26 t
2963 2519 7 9 LL.
2975 2515 38 14 ious
3020 2515 19 14 to

2484 2545 52 17 bring
2543 2544 39 15 that
2589 2543 80 21 question
2679 2548 21 9 on
2707 2535 5 30 ;
2724 2541 30 15 but
2763 2539 43 17 flu-y
2965 2536 28 15 nit
2999 2535 41 17 that

2485 2567 83 21 question
2576 2571 34 9 was
2626 2563 76 19 brought
2717 2568 22 11 ou
2756 2561 57 17 where
2908 2557 1 31 L
2931 2557 2 31 •
2969 2561 18 13 to
2995 2557 45 15 have

2485 2588 51 20 been,
2543 2588 31 17 but
2582 2588 31 17 the
2619 2587 103 17 conference
2728 2582 77 20 thought
2813 2582 12 17 it
2836 2588 9 9 1,
2845 2582 5 26 ,
2881 2582 2 26 -
2941 2582 2 26 •
2967 2582 2 26 L
2985 2582 1 26 •

2486 2613 41 17 with
2536 2611 31 17 the
2576 2609 80 24 question
2665 2607 60 19 before
2732 2606 86 22 anything
2896 2601 4 32 i
3011 2601 30 17 11.•

2486 2641 31 12 r,.s.
2523 2635 59 18 duties
2590 2633 40 18 tint
2640 2637 33 12 was
2681 2630 51 18 'made
2745 2629 22 17 by
2776 2628 47 18 their
2830 2634 8 9 a
2877 2627 2 26 L
2930 2627 2 26 L

2487 2660 48 17 Cr-lit
2544 2662 53 14 many
2611 2655 90 21 qmstions
2714 2653 33 17 ',is
2748 2647 22 21 -jet
2783 2656 22 11 on
2830 2652 15 14 le
2937 2647 4 30 •
2965 2647 2 30 •
3005 2647 1 30 .

2487 2680 85 18 delegate.
2580 2679 22 14 be
2610 2676 84 15 believed
2702 2675 45 15 vrent
2757 2679 20 9 as
2784 2673 27 15 far
2819 2678 19 9 es
2920 2673 4 25 ,
2979 2673 2 25 .
2994 2673 4 25 -

2487 2701 34 17 ale.
2545 2700 33 15 But
2588 2699 22 15 he
2619 2698 30 17 did
2655 2698 32 15 not
2695 2701 40 11 care
2744 2695 46 15 what
2797 2698 34 15 any
2841 2692 2 26 .
2897 2699 20 7 ~
2935 2692 2 26 •
2987 2692 2 26 •
3039 2692 1 26 ,

2487 2724 47 18 their
2542 2721 67 18 worthy
2617 2721 52 17 agont
2679 2724 34 12 was
2725 2715 78 24 justified
2815 2715 18 15 in
2846 2720 9 11 1.
2930 2715 4 26 •
2963 2715 4 26 •
3032 2715 1 26 L
3039 2715 4 26 .

2487 2746 44 18 lion,
2541 2744 35 18 and
2583 2739 39 21 that
2631 2744 22 15 he
2661 2741 46 17 done
2718 2739 76 18 nothing
2804 2738 28 17 bat
2845 2744 18 7 L..
2901 2738 1 26 '

2489 2767 59 17 bound
2556 2766 57 17 under
2620 2765 31 17 the
2660 2764 142 15 eirent,tanees.

2489 2790 60 15 marks
2556 2789 51 14 made
2615 2787 21 19 by
2646 2786 26 15 IT,
2746 2790 8 8 o
2799 2783 50 14 refer.
2957 2784 9 11 .7

2490 2811 43 17 tion.
2542 2809 34 18 and
2584 2809 21 15 h..
2615 2813 27 9 ma
2685 2817 12 9 ...
2817 2809 13 11 e.
2869 2807 13 9 r.
2928 2802 35 14 al,
2968 2806 15 14 (L.
2993 2800 51 15 reyea

2491 2833 18 15 of
2519 2833 20 15 it.
2563 2832 13 15 A
2585 2831 14 17 .1.
2608 2835 48 17 putt
2726 2825 4 26 -
2760 2825 2 26 •
2780 2825 26 17 ;.1
2820 2826 18 14 to
2851 2829 48 11 eon,

2908 2823 77 17 dovii.i
2993 2822 52 15 0.11

2490 2855 41 21 they
2541 2855 50 15 coul.l
2602 2855 7 13 .1
2726 2844 2 32 ;
2829 2846 53 17 ttling
2897 2845 31 15 th•
2947 2844 97 21 gostion—

2491 2878 30 15 the
2530 2876 52 18 reodi
2732 2874 13 11 ••.
2796 2867 1 27 •
2864 2870 45 13 tarn,
2921 2868 52 14 tie--
2983 2867 18 14 it
3013 2867 31 14 the

2491 2901 52 20 .I.Lpat
2838 2890 44 17 !011.
2896 2891 30 15 wit
2935 2888 63 18 almist
3004 2888 39 18 that

2492 2987 34 15 ana
2549 2992 19 7 .....
2652 2987 2 15 -

2491 3014 45 11 were
2558 3013 12 11 r,
2578 3012 8 11 .1
2714 3008 2 17 •

3033 3026 2 2 •

2491 3054 78 17 meeting
2576 3053 18 17 he
2626 3056 17 13 at
2653 3051 28 15 tin.
2859 3046 1 25 .
2915 3046 1 25 •
2974 3046 2 25 •

2491 3077 43 20 they
2583 3076 14 14 .1.
2606 3073 80 21 putatiLm
2694 3071 19 15 of
2724 3070 30 17 the

2616 3096 31 13 hut
2655 3093 64 17 daring
2726 3091 31 17 the
2765 3096 8 9 a
2781 3090 4 20 I
2791 3090 1 20 i

2492 3119 26 17 till
2528 3119 20 15 th
2548 3119 11 15 e
2567 3116 9 19 f
2576 3116 9 19 o
2585 3116 70 19 llowing
2663 3115 39 20 day.
2712 3113 48 15 when
2770 3111 18 17 ti,
2791 3111 2 25 i
2842 3111 17 13 nit
2869 3115 14 8 a.
2898 3111 4 25 ,

2492 3144 39 15 tit,
2541 3146 43 11 were
2591 3142 18 14 to
2617 3144 17 11 ni
2656 3138 7 17 t
2676 3136 56 19 ttleM,
2746 3135 43 17 01,
2804 3132 45 15 drew
2865 3136 24 15 np

2492 3165 63 17 taking
2562 3163 31 17 the
2604 3165 60 12 venlig
2672 3159 54 17 men's
2734 3156 38 18 coal
2779 3156 34 17 from
2832 3155 56 17 Hen,
2909 3155 2 27 .

2493 3187 61 15 amtl.l.•
2563 3181 91 20 I,lriction
2662 3184 19 13 to
2689 3181 46 17 their
2744 3184 46 11 men,
2804 3177 32 17 and
2849 3176 39 17 that
2897 3176 24 15 ,11.
2928 3181 6 8 ,

2493 3207 73 17 without
2576 3210 32 15 any
2617 3203 91 17 reduction
2717 3201 93 15 whatever,
2817 3198 41 19 only
2868 3193 67 22 getting
2942 3197 38 14 .1....

2493 3229 33 20 day
2535 3228 45 18 from
2587 3227 46 17 hank
2641 3227 19 15 to
2667 3223 52 17 bank.
2753 3221 28 17 He
2790 3226 34 11 was
2831 3220 25 15 the
2955 3217 8 14 ..

2494 3253 69 15 Brown.
2582 3249 39 17 who
2640 3246 53 19 asked
2712 3244 78 17 whether
2806 3242 24 17 he
2850 3247 15 11 la
3032 3242 9 9 ,L

2494 3273 106 21 Shropshire
2608 3272 65 15 miners
2686 3270 31 18 got
2732 3272 22 13 no
2770 3272 47 11 more
2832 3266 19 14 th
2941 3266 2 28 .

2494 3296 45 14 from
2548 3294 46 17 hank
2601 3294 19 15 to
2628 3292 53 17 hank,
2689 3291 34 15 and
2732 3291 21 14 he
2763 3292 61 13 aLSVCCI
2824 3292 9 13 ,
2841 3286 8 15 a
2894 3292 8 8 O
2974 3286 2 25 !

2494 3318 35 14 bail
2545 3317 37 15 also
2598 3313 57 18 iitatert
2672 3311 98 21 previously
2784 3309 39 15 that
2836 3307 33 15 Mr.
2887 3307 67 14 itort.d.
3002 3305 6 14 I

3025 3305 15 14 lii

2496 3338 52 18 could
2555 3341 41 18 prov
2603 3325 4 34 •
2615 3335 39 17 tlmt
2662 3338 40 13 men
2711 3338 43 11 were
2763 3331 67 19 getting
2838 3328 25 15 Is.
2871 3327 28 17 6,1.
2907 3331 32 18 per
2946 3326 39 20 day.
3019 3325 28 17 Ho

2497 3361 37 17 (the
2543 3358 79 25 speaker',
2633 3357 41 19 said,
2682 3357 40 17 that
2731 3358 39 19 may
2778 3352 20 18 be
2806 3353 46 17 true,
2857 3351 32 17 hut
2895 3350 14 17 if
2916 3348 43 21 they
2965 3350 30 17 got
2999 3352 48 12 more

2497 3385 43 17 than
2549 3384 24 17 4=.
2582 3383 26 17 Ad.
2616 3383 43 19 they
2667 3378 57 18 WOnbl
2732 3378 44 17 have
2784 3378 19 15 to
2810 3376 24 17 do
2842 3379 22 12 an
2876 3374 50 15 extra
2939 3374 78 20 quarter.
3028 3377 20 12 or

2497 3407 34 20 gay
2539 3406 34 15 and
2582 3404 44 18 half.
2648 3403 34 17 Mr.
2692 3400 83 19 Halliday
2781 3399 44 17 then
2835 3397 53 21 spoke
2896 3402 31 15 up.
2934 3396 34 15 ant
2981 3394 38 15 said
3026 3393 24 17 he

2497 3428 106 17 nnderstood
2610 3426 37 15 him
2655 3426 20 14 to
2686 3428 53 12 mean
2752 3422 41 15 that
2809 3424 11 11 a
2835 3423 41 12 man
2891 3418 48 15 mast
2954 3422 32 11 use
3000 3417 51 14 extra

2498 3448 81 19 strength
2588 3449 19 14 to
2615 3448 28 15 get
2652 3450 47 11 more
2707 3444 45 17 than
2764 3443 25 15 ts.
2797 3442 27 14 lid
2832 3445 31 15 per
2871 3439 40 15 day.
2946 3438 27 15 He
2986 3437 38 15 said
3037 3437 15 15 it

2498 3477 37 11 waa
2543 3476 26 12 on.
2577 3469 34 18 and
2620 3469 33 17 Mr.
2662 3467 83 20 Halliday
2753 3464 38 17 sahl
2798 3463 67 17 shame.
2895 3456 33 21 Mr.
2939 3459 66 17 Parton
3013 3463 26 12 mm-

2499 3494 61 19 tinu.al
2569 3494 19 17 at
2595 3497 47 12 some
2650 3489 63 20 length
2720 3490 19 15 to
2748 3487 53 22 speak
2810 3485 19 17 of
2839 3484 31 18 the
2884 3482 105 22 Shropshire
2999 3481 53 20 grit-v.

2500 3523 48 11 anon',
2557 3516 34 17 and
2598 3514 38 18 said
2648 3514 41 17 that
2701 3513 18 15 at
2734 3511 31 15 the
2781 3508 33 19 end
2823 3508 18 18 of
2851 3507 31 18 the
2891 3507 54 17 strike
2961 3506 19 15 in
2996 3504 57 17 South

2502 3539 131 17 Stittford.hire,
2641 3535 78 18 whether
2726 3533 43 19 long
2777 3537 20 11 or
2804 3531 56 18 short,
2875 3529 41 20 they
2930 3533 43 12 were
2982 3529 19 14 to
3011 3527 44 15 have

2502 3560 102 21 periniision
2610 3561 20 14 to
2639 3562 48 12 corm.
2695 3557 37 14 out.
2766 3554 28 17 Ile
2804 3553 52 21 spoke
2864 3552 18 14 of
2894 3552 32 14 the
2941 3554 61 12 courie
3015 3553 30 12 eon-

2502 3585 69 15 rerunoe
2577 3581 37 17 liad
2621 3580 35 18 tato
2663 3585 11 12 n
2682 3579 18 17 in
2708 3578 89 17 reference
2811 3575 19 17 to
2843 3573 31 18 the
2882 3572 51 21 batty
2941 3573 72 19 system.
3021 3570 34 15 and

2503 3605 96 19 concluded
2606 3605 22 20 by
2636 3601 98 19 describing,
2750 3599 31 18 the
2797 3595 80 19 dreadful
2885 3594 71 18 colliery
2967 3593 90 22 explosion

2504 3631 18 14 at
2530 3626 110 18 Dukintit.l.l.
2648 3625 34 17 and
2692 3622 92 22 appealing
2796 3622 19 14 to
2823 3620 31 18 the
2863 3624 39 12 men
2910 3618 31 17 not
2949 3619 19 14 to
2976 3617 15 15 le
3006 3617 43 15 back-

2504 3651 46 15 ward
2558 3651 18 14 in
2585 3650 73 20 helping
2666 3646 47 18 their
2727 3644 58 18 fellow
2800 3647 40 12 men
2854 3644 19 13 to
2882 3640 44 20 fight
2933 3639 32 17 the
2973 3638 54 18 battle
3040 3638 19 17 of

2504 3672 53 20 right.

2528 3694 38 15 lfhe
2577 3691 97 19 Chairman
2688 3690 44 18 then
2744 3686 56 18 called
2813 3690 48 15 upon
2869 3683 37 19 Mr.
2915 3683 60 18 James
2986 3681 72 17 Harris,

2506 3716 31 19 the
2554 3715 106 22 deputation
2672 3712 45 18 from
2733 3710 32 18 the
2779 3707 84 21 Madeley
2876 3704 59 18 Wood
2948 3703 58 21 Field,
3020 3703 41 18 who

2506 3741 37 17 met
2550 3738 32 18 the
2589 3738 76 17 masters
2673 3736 20 17 at
2699 3735 33 17 the
2739 3731 78 19 Wrekin
2830 3729 61 20 lintel,
2903 3728 120 20 Wellington,
3039 3731 22 12 on

2507 3763 31 18 the
2550 3761 44 20 16th
2606 3761 40 18 ult.,
2660 3761 19 17 to
2692 3757 40 18 give
2745 3755 19 20 in
2777 3755 28 18 his
2818 3754 61 21 report
2894 3751 19 18 of
2926 3751 32 17 the
2969 3749 93 19 interview

2507 3787 80 15 between
2595 3783 31 18 *e
2634 3783 76 17 master=
2718 3780 35 18 and
2758 3778 32 17 the
2797 3775 112 24 deputation.
2933 3775 28 17 He
2969 3772 94 21 expressed

2510 3808 31 17 the
2549 3807 79 20 phasure
2637 3806 22 15 he
2668 3803 32 17 felt
2709 3806 19 13 at
2737 3801 77 19 hearing
2820 3800 31 17 the
2859 3798 60 20 report
2928 3802 19 12 =o
2955 3795 43 21 ably
3011 3795 54 20 given

2510 3829 19 17 in
2536 3829 24 21 hy
2569 3828 34 18 Mr.
2614 3827 72 17 Parton.
2694 3823 58 17 which
2760 3822 24 18 he
2796 3827 35 12 was
2846 3826 30 11 mo.
2908 3824 30 9 ins
2952 3823 43 15 very
3009 3817 47 21 grati-

2510 3852 53 21 fying
2569 3853 20 14 to
2596 3849 25 17 all
2629 3847 77 22 present.
2730 3846 38 17 The
2776 3842 105 21 deputation
2889 3841 13 17 h
2936 3846 24 11 an
2973 3840 92 17 intermix

2511 3873 19 19 of
2543 3873 54 25 about
2609 3873 35 17 two
2657 3870 54 17 hours
2733 3867 37 18 and
2781 3866 31 18 oft
2820 3872 8 11 g
2842 3863 48 18 their
2901 3868 60 12 names
2975 3861 35 18 had
3022 3861 45 18 been

2511 3898 56 18 taken
2577 3895 43 20 they
2628 3899 45 12 were
2682 3883 57 27 coifed
2747 3896 47 15 upon
2806 3892 20 15 to
2839 3888 41 19 rise,
2895 3885 35 20 and
2944 3891 47 13 some
3005 3885 20 18 of
3037 3885 32 18 the

2513 3925 39 12 moo
2569 3925 22 11 on
2602 3918 32 17 the
2649 3917 51 17 other
2718 3914 37 17 side
2771 3918 46 17 gave
2832 3911 19 18 in
2868 3909 48 18 their
2931 3909 67 20 report,
3011 3907 58 18 which

2515 3940 67 17 seemed
2590 3941 19 14 to
2617 3939 46 17 meet
2672 3938 31 15 tin
2712 3934 118 22 approbation
2838 3933 19 17 of
2867 3932 32 18 the
2910 3932 81 15 ma=te,.
3015 3930 54 17 After

2515 3961 69 19 awhile,
2601 3959 59 19 seeing
2676 3958 41 17 that
2733 3957 32 17 the
2781 3954 79 19 meeting
2871 3958 37 11 was
2922 3953 33 15 not
2973 3951 56 21 going
3048 3956 22 11 on

2515 3983 74 22 rightly,
2597 3981 22 18 he
2628 3979 57 19 called
2693 3977 91 19 attention
2791 3978 20 15 to
2849 3974 37 17 and
2900 3973 38 17 sail
2953 3972 40 18 that
3007 3972 15 18 it
3034 3977 38 11 was

2516 4009 33 18 not
2556 4006 53 22 being
2617 4003 99 21 conducted
2725 4002 18 19 in
2752 4007 11 13 a
2771 3998 115 24 satisfactory
2896 4002 80 14 manner,
2993 4000 20 13 as
3027 3993 45 19 each

2517 4037 41 11 man
2574 4029 57 22 ought
2646 4030 21 17 to
2679 4028 47 18 have
2740 4025 45 18 been
2802 4022 93 20 examined
2909 4020 47 18 from
2973 4019 46 18 each
3032 4018 41 18 field

2517 4052 106 26 separately.
2655 4050 35 18 Mr.
2711 4048 74 19 Justice
2805 4046 45 17 then
2869 4043 109 22 interposed.
2998 4042 37 18 and
3052 4042 22 17 lie

2518 4074 74 22 pointed
2600 4075 31 15 out
2639 4072 31 17 the
2679 4071 34 17 rise
2721 4071 18 17 in
2747 4069 32 18 the
2787 4068 48 22 price
2843 4068 20 17 of
2874 4067 41 17 iron
2928 4065 35 15 and
2979 4064 39 17 cml
3026 4069 20 12 as
3059 4064 15 17 it

2519 4096 8 18 m
2528 4096 8 18 -
2536 4096 33 18 00,1
2581 4098 19 15 at
2613 4095 31 19 the
2653 4095 78 21 present,
2739 4090 58 19 which
2804 4090 32 18 the
2846 4091 77 15 masters
2935 4085 91 22 disputed,
3039 4085 37 17 and

2519 4120 37 19 Mr.
2564 4119 66 20 Talbot
2647 4117 39 19 also
2693 4116 63 24 saying
2770 4114 14 19 it
2799 4120 37 13 woo
2849 4114 33 17 not
2895 4111 74 21 correct,
2986 4109 21 18 he
3021 4107 56 20 asked

2519 4144 38 15 him
2565 4142 48 18 what
2621 4147 38 12 was
2670 4141 21 14 di
2704 4146 31 15 per
2751 4140 46 17 cent.
2810 4143 22 11 on
2845 4136 34 20 £5,
2894 4134 40 20 but,
2947 4133 92 21 receiving
3053 4139 25 11 no

2520 4170 74 12 answer.
2603 4165 24 17 he
2634 4163 44 17 then
2686 4161 54 18 asked
2754 4160 50 18 what
2817 4165 35 12 was
2864 4155 9 27 P
2883 4155 9 27 0
2902 4155 28 27 per
2943 4159 47 14 cent.
3005 4161 22 11 on
3040 4155 38 17 10s.

2523 4187 34 18 and
2565 4186 39 18 also
2611 4185 81 18 received
2701 4189 24 11 no
2732 4187 76 13 answer.
2831 4180 28 18 He
2874 4179 40 17 said
2924 4179 31 17 the
2968 4179 45 15 next
3025 4178 53 20 thing

2523 4215 35 11 was
2567 4208 41 18 that
2615 4208 45 21 they
2667 4205 65 19 valued
2739 4205 32 18 the
2778 4204 58 18 men's
2843 4201 38 18 coal
2889 4202 20 15 at
2917 4200 43 19 125.,
2969 4198 43 21 and,
3019 4198 50 18 there-

2523 4231 45 21 fore,
2576 4231 24 20 by
2608 4231 65 20 taking
2680 4230 15 18 it
2706 4228 48 18 from
2766 4226 50 18 them
2828 4225 43 22 they
2883 4222 37 19 had
2934 4222 56 18 taken
3002 4221 32 18 Ith
3048 4226 31 17 per

2523 4257 47 15 cent.
2583 4254 46 18 from
2642 4253 56 20 them,
2712 4251 34 18 and
2763 4256 40 12 now
2813 4248 51 18 there
2881 4251 50 14 came
2947 4246 21 18 15
2980 4251 32 15 per
3026 4246 52 17 cent..

2525 4277 74 21 making
2619 4277 22 17 15
2659 4281 32 14 per
2708 4277 48 14 cent,
2776 4271 59 19 which
2850 4277 25 12 no
2889 4270 53 18 other
2957 4267 72 18 district
3046 4266 34 17 had

2525 4299 37 18 ban
2583 4300 20 15 to
2628 4297 69 19 submit
2719 4298 26 17 to.
2774 4296 38 17 The
2836 4296 76 14 ma=ters
2934 4290 31 19 did
2987 4294 32 12 not
3045 4289 37 17 like

2526 4323 19 17 to
2578 4322 44 17 hear
2655 4319 52 18 those
2741 4320 37 14 sort
2811 4316 19 18 of
2864 4315 70 20 things,
2967 4312 37 17 and
3039 4310 41 21 they

2526 4344 43 22 they
2581 4343 39 18 aabl
2633 4342 43 22 they
2683 4342 31 18 did
2727 4343 32 15 not
2771 4339 52 17 know
2831 4338 58 17 where
2904 4336 15 18 it
2934 4335 21 18 ill
2967 4339 51 13 came
3030 4332 52 17 from.

2529 4368 28 18 He
2564 4367 79 18 referred
2652 4365 48 18 them
2708 4365 20 17 to
2740 4363 107 18 statements
2859 4361 19 18 in
2887 4359 30 18 the
2928 4364 39 17 pap.
2967 4354 5 32 -
2972 4363 17 12 .r.
2998 4355 34 19 and
3045 4354 38 18 said

2529 4390 40 18 that
2576 4390 32 18 the
2621 4391 77 15 masters
2709 4387 38 19 said
2760 4385 31 19 the
2805 4384 39 19 coal
2854 4389 35 12 WAS
2902 4381 64 20 selling
3011 4378 34 17 IT,.
3054 4376 27 18 0,11.

2529 4414 40 18 into
2582 4414 69 19 trucks,
2660 4411 57 21 when,
2730 4411 20 15 at
2764 4409 31 18 the
2806 4414 47 12 same
2867 4407 39 19 time
2906 4407 11 19 ,
2926 4404 14 18 it
2950 4401 12 19 vi
2962 4401 6 19 .
2968 4401 18 19 ias
3000 4401 35 18 19s.
3048 4400 34 18 2.1..

2530 4436 41 18 land
2581 4435 41 20 sale,
2631 4434 35 19 and
2679 4434 40 18 that
2733 4431 48 20 their
2790 4436 59 17 wages
2862 4428 57 21 ought
2930 4429 20 17 to
2957 4426 22 18 be
2991 4421 93 20 regulated

2530 4459 24 20 by
2562 4459 31 18 the
2601 4457 43 18 land
2655 4456 43 19 sale,
2706 4455 37 18 and
2756 4455 32 17 not
2800 4453 25 22 by
2833 4452 74 18 inferior
2916 4448 90 24 qualitii.s.
3031 4446 53 17 How.

2530 4486 47 14 ever,
2585 4480 43 20 they
2643 4479 58 17 would
2714 4479 33 15 not
2760 4478 44 15 take
2816 4474 50 18 their
2876 4472 107 19 statementc
2995 4468 46 17 from
3053 4466 32 19 the

2530 4507 65 15 papers
2602 4506 20 11 as
2636 4501 79 15 correct,
2728 4499 24 20 by
2760 4498 24 15 all
2796 4496 44 20 they
2849 4495 38 18 (the
2901 4494 83 15 rnaFtersi
2995 4488 90 20 prodnced

2531 4522 47 18 from
2593 4522 32 18 the
2637 4526 64 18 papers
2709 4520 43 21 they
2760 4524 46 13 were
2818 4515 61 20 bound
2890 4517 20 15 to
2922 4512 44 19 take
2978 4517 20 11 us
3012 4511 74 15 correct.

2532 4546 30 18 He
2569 4545 44 20 then
2621 4544 79 20 referred
2708 4545 19 19 to
2732 4543 33 19 the
2771 4546 48 18 wage
2826 4534 136 30 question—the
2968 4532 83 25 question
3058 4531 30 19 for

2532 4570 57 18 which
2598 4570 43 21 they
2649 4569 35 18 had
2698 4570 43 19 met,
2748 4566 52 18 when
2815 4569 47 14 some
2869 4561 20 19 of
2901 4559 31 19 the
2940 4557 90 22 delegates
3041 4556 46 19 from

2532 4592 31 17 the
2572 4592 53 17 other
2637 4591 38 18 side
2683 4590 19 18 of
2713 4590 32 18 the
2752 4589 71 18 district
2832 4585 38 18 said
2884 4583 43 20 they
2934 4580 35 18 bad
2982 4578 105 18 submitted.

2533 4613 58 15 which
2598 4612 78 20 entirely
2686 4611 64 18 settled
2758 4610 39 17 that
2805 4606 90 22 question.
2916 4603 40 18 The
2965 4603 77 15 masters
3051 4600 38 15 said

2533 4635 48 18 their
2589 4641 60 14 wages
2657 4633 35 18 hail
2701 4637 45 15 gone
2754 4636 24 15 up
2787 4630 21 17 Si
2817 4633 31 15 per
2855 4628 57 17 cent.:
2924 4624 14 18 if
2952 4629 25 12 so.
2986 4622 59 18 where
3053 4628 35 9 was

2535 4657 31 18 the
2577 4657 39 20 61.1.
2626 4656 34 19 due
2673 4657 20 17 to
2706 4655 48 18 them
2763 4655 7 14 I
2793 4651 50 20 They
2851 4648 57 18 asked
2921 4648 39 15 how
2974 4644 22 17 he
3011 4643 52 18 made
3076 4643 14 17 it

2535 4683 32 14 out
2575 4680 40 18 that
2627 4678 51 18 there
2686 4683 35 11 was
2733 4675 39 21 GO.
2780 4672 61 18 duets
2854 4670 56 18 them.
2934 4668 28 18 He
2976 4665 38 19 tOl'Al
3026 4665 22 17 64
3059 4670 32 18 pee

2536 4706 46 15 cent.
2587 4708 35 12 was
2628 4702 25 18 ss.
2670 4701 32 22 id..
2707 4698 41 19 and.
2752 4696 47 19 after
2804 4694 54 21 being
2863 4690 77 20 reduced
2943 4688 79 22 fid.,they
3027 4687 64 19 should

2536 4727 69 18 receive
2614 4727 25 17 sa.
2647 4722 71 20 instead
2732 4720 18 20 of
2761 4720 25 17 Is.
2794 4717 28 18 64.
2832 4713 4 32 ;
2849 4715 37 19 and
2897 4714 15 19 if
2924 4713 46 19 their
2980 4717 57 12 wages
3045 4716 46 12 were

2536 4752 33 15 not
2581 4749 53 21 given
2641 4749 20 17 to
2669 4746 57 20 them,
2734 4742 44 19 then
2791 4740 44 22 they
2843 4737 63 20 should
2914 4735 43 19 take
2965 4735 32 18 the
3008 4734 39 18 first
3059 4740 21 15 op-

2536 4772 96 21 portunity
2647 4772 20 15 to
2681 4768 45 17 have
2745 4765 80 20 support.
2856 4761 38 18 Mr.
2909 4759 65 18 Harris
2994 4755 97 19 continued

2537 4793 87 21 speaking
2631 4796 47 17 upon
2687 4787 67 19 several
2770 4785 99 21 important
2880 4782 60 21 points
2952 4779 109 19 intere=ting
3071 4781 20 13 to

2537 4815 73 18 miners,
2620 4812 34 18 and
2663 4817 26 11 we
2698 4814 45 12 were
2756 4812 43 15 very
2807 4811 50 15 sorry
2870 4805 20 17 to
2902 4808 30 12 see
2946 4807 19 11 so
2976 4801 34 17 few
3019 4802 20 14 to
3050 4800 41 17 hear

2537 4837 32 15 the
2577 4835 39 15 able
2626 4832 61 22 speech
2696 4831 57 17 which
2761 4830 22 15 he
2791 4825 93 19 delivered.
2909 4825 28 17 He
2947 4828 34 11 was
2989 4820 102 21 frequently

2537 4856 105 24 applauded,
2652 4853 34 19 and
2695 4857 27 13 sat
2732 4851 51 18 down
2791 4848 65 18 amidst
2864 4847 52 20 great
2926 4844 91 20 cheering.

2559 4879 53 17 After
2621 4877 31 19 the
2660 4876 52 18 usnal
2719 4874 51 17 votes
2778 4871 19 19 of
2810 4870 66 18 thanks
2889 4870 20 17 to
2916 4867 32 18 the
2962 4865 83 24 speakers
3058 4863 33 18 and

2537 4902 104 18 Chairman,
2650 4898 31 18 the
2691 4896 79 20 meeting
2778 4892 64 19 closed.

2559 4959 98 18 According
2665 4959 19 14 to
2691 4958 32 14 the
2734 4957 96 14 statement
2838 4955 18 14 of
2869 4955 33 13 Mr.
2911 4952 63 15 Baker.
2982 4951 31 14 the
3022 4950 60 18 Insmec-

2538 4981 28 14 tor
2575 4981 17 14 of
2601 4978 105 15 Factories
2706 4978 18 14 in
2732 4976 27 15 his
2767 4976 59 19 report
2835 4975 37 19 just
2887 4971 66 21 printed
2953 4971 9 21 ,
2970 4970 31 15 the
3011 4969 83 15 earnings

2539 5001 18 15 of
2564 5000 120 15 brickmakers
2693 5003 30 11 are
2739 4994 124 19 considerable.
2890 4994 13 13 A
2917 4990 85 17 moulder.
3013 4989 26 17 his
3048 4989 45 17 wife.

2539 5021 35 17 and
2582 5021 33 14 boy
2623 5026 24 11 on
2655 5024 22 9 All
2686 5023 73 12 average
2767 5021 43 12 earn
2817 5015 28 18 £5
2872 5019 17 8 '.•
2897 5013 21 14 6,1
2919 5013 7 14 -
2931 5011 69 15 awsek•
3014 5011 24 15 He
3047 5015 39 11 creel-

2539 5041 47 14 tione
2595 5037 21 18 an
2631 5042 77 12 extreme
2717 5042 39 11 case,
2764 5037 19 14 of
2794 5041 11 9 a
2813 5034 85 17 moulder,
2911 5033 30 14 his
2947 5033 46 13 wile.
3001 5031 35 14 and
3044 5031 50 14 three

2541 5060 78 13 children
2628 5059 71 14 eirsuing
2708 5057 28 14 .to
2745 5057 19 13 Ts
2771 5055 39 17 24.1.

3006 521 60 20 THE
3080 516 204 24 THREATENED
3304 516 106 20 STRIKE
3428 519 30 20 IN
3470 521 69 25 DEAN

3228 541 117 20 FOREST.

3191 582 50 13 SPEit
3289 582 9 11 E
3302 582 33 11 LEO
3339 582 43 13 R....

3091 612 92 20 ..ine.diay.
3191 617 11 11 a
3210 609 103 17 conference
3320 608 77 17 between
3404 609 28 17 the
3441 617 64 14 ussters
3511 619 30 15 and

3052 651 7 2 _
3094 634 34 17 sof
3138 633 31 18 the
3180 632 59 19 Union
3246 631 41 18 took
3296 631 48 22 place
3353 633 18 14 at
3379 631 30 17 the
3419 633 35 21 Spe
3461 635 18 17 eh
3485 638 51 18 Mune

3053 653 1 26 .
3102 657 72 17 auction
3182 656 86 21 question.
3292 653 38 17 The
3339 653 45 21 empl
3389 659 44 17 'Ter,
3438 654 104 25 iesntwvrt:

3013 683 22 15 M,
3094 681 19 14 A.
3126 678 63 18 Gold.
3204 677 20 18 E.
3240 677 99 20 Crawshay,
3433 679 86 24 trawshav,

3051 698 1 24 .
3066 712 6 4 -
3089 703 20 15 T.
3113 702 35 17 and
3157 700 26 15 W.
3190 700 59 15 Brain.
3259 700 18 15 S.
3286 699 74 17 Luck.,
3369 698 17 17 3.
3391 699 77 18 Moue,
3475 703 18 15 T.
3497 700 41 21 S'uliv

3065 725 38 15 :ed..
3111 724 26 15 W.
3151 722 86 18 Bnrtiiso
3257 722 14 14 A
3291 720 84 17 Thema.,
3386 722 33 14 and

3161 743 91 24 presided:
3262 742 35 18 :mil
3309 742 33 17 Mr.
3352 742 60 18 isooll.
3420 743 35 17 who
3463 748 51 15 stated
3522 749 25 17 :lie

3084 777 7 7 s
3104 774 46 12 cave.
3158 767 73 17 aasared
3240 765 31 17 the
3279 764 89 21 delegates
3374 764 22 17 he
3404 769 32 12 was
3448 767 54 22 sill*

3017 796 17 13 :45
3045 794 6 14 1
3051 794 28 14 :...
3089 796 31 18 per
3126 794 37 15 ton,
3172 788 63 20 which,
3242 788 14 17 if
3268 788 51 17 made
3332 793 18 11 in
3361 788 30 15 the
3404 788 63 19 Forest,
3474 790 24 17 for
3503 795 45 15 Mt.

3018 815 43 18 rials
3067 814 51 18 alone
3128 813 58 19 would
3197 814 34 14 out
3341 810 89 22 Mouutioy
3438 813 65 20 replied,
3508 815 37 18 ahu

3018 839 31 15 the
3057 836 97 17 Chairman
3162 834 54 20 urged
3228 833 27 17 for
3263 839 22 11 an
3301 833 122 20 adjournment
3431 834 17 15 of
3458 835 27 17 the
3493 836 13 19 no
3506 836 39 19 ti„,.;
3544 836 7 19 :

3019 859 31 15 the
3058 859 73 14 masters
3144 855 105 19 conseutiug
3256 857 12 13 5.
3268 857 6 13 ,
3283 854 30 15 the
3326 859 46 11 uslllc
3385 854 26 15 for
3423 860 30 11 one
3463 862 8 7 e
3476 857 8 14 e
3484 857 19 14 ,h
3515 861 8 14 u
3523 861 9 14 „
3533 861 19 14 ti

3019 880 34 17 Mr.
3063 879 81 19 Halliday
3151 878 37 15 hut
3195 878 35 14 met
3239 875 31 17 the
3280 875 39 17 Eon
3326 878 13 13 st
3350 879 39 12 men
3397 876 33 15 mid
3437 878 99 18 themselves.

3078 952 61 22 THE
3165 951 53 21 TIN
3246 951 87 25 PLATE
3333 951 18 25 ,
3371 951 137 25 WORKERS

3221 977 162 20 STRUGGLE.

3045 1016 39 19 The
3091 1022 33 12 wen
3130 1016 21 17 ks
3164 1016 21 17 at
3197 1013 109 21 iberdslais
3324 1018 46 11 were
3381 1012 54 19 closed
3448 1022 21 11 on
3476 1016 84 24 Saturday,

3026 1039 30 18 the
3065 1038 58 18 notice
3131 1038 20 17 to
3159 1037 32 18 the
3200 1042 41 12 men
3249 1035 67 21 having
3328 1035 77 21 expired.
3437 1036 20 18 TI
3464 1046 7 8 r
3488 1039 50 19 whole
3547 1037 13 22 'of

3026 1062 31 19 the
3065 1061 58 18 works
3131 1061 19 17 in
3158 1059 32 17 the
3206 1057 61 18 South
3286 1057 64 21 Valley
3357 1063 31 12 are
3398 1063 38 12 now
3448 1062 73 20 stopp,,L
3531 1064 28 18 and

3026 1088 63 18 report
3097 1085 57 15 states
3162 1081 40 18 that
3211 1087 48 11 some
3267 1081 78 20 changes
3352 1085 31 11 am
3391 1081 37 17 :ti,o
3441 1088 17 11 ill
3469 1087 92 20 contemph.

3027 1107 39 17 tiou
3078 1107 20 15 at
3106 1104 31 17 the
3146 1102 89 24 principal
3243 1108 64 15 copper
3343 1102 28 17 iii
3381 1108 22 15 rig
3417 1104 54 15 work,
3478 1106 8 15 o
3487 1106 8 15 f

3027 1128 51 18 tries.
3112 1127 37 15 Mr.
3165 1124 74 20 Morris,
3260 1124 60 18 Laker,
3340 1126 17 14 vi
3378 1124 64 18 Neath,
3457 1126 30 15 has
3498 1127 65 20 issued*

3030 1147 93 24 placard
3123 1147 19 17 in
3149 1146 59 18 which
3221 1146 22 17 he
3255 1146 58 15 states
3320 1146 46 17 that,
3399 1146 64 21 having
3474 1147 39 19 h,en
3520 1155 8 11 a
3537 1152 27 17 tin

3031 1170 69 19 worker
3111 1168 79 21 himself,
3207 1167 21 18 he
3246 1166 119 24 symuathises
3371 1166 44 19 with
3429 1167 30 18 the
3470 1174 35 13 turn
3517 1172 17 18 in
3541 1172 24 20 the

3139 1192 37 19 and
3183 1192 24 18 he
3214 1191 33 19 has
3262 1189 79 19 resolved
3350 1192 19 17 to
3377 1191 31 18 sell
3419 1191 30 19 the
3463 1192 15 19 e..
3478 1192 11 19 1.
3502 1193 33 20 lod

3076 1217 35 18 itutl.
3118 1217 31 18 the
3157 1215 26 18 Is.
3193 1214 37 18 loaf
3235 1213 30 18 Lc
3274 1213 39 18 10.1.
3320 1214 66 22 daring
3394 1213 28 19 the
3438 1218 106 19 cont.nuance
3550 1221 14 17 of

3033 1240 32 17 the
3072 1240 77 17 contest.

3057 1266 27 17 Ou
3106 1264 78 21 aturilay
3191 1270 11 11 a
3216 1263 79 20 meeting
3311 1267 35 12 was
3360 1263 40 17 held
3409 1264 19 17 at
3439 1264 78 21 Newport
3524 1270 17 14 to

3035 1294 50 15 msn
3094 1285 94 24 sympathy
3197 1284 44 19 with
3250 1284 31 18 the
3291 1290 38 11 men
3338 1284 40 18 who
3384 1290 30 12 are
3422 1285 99 19 locked-out.
3541 1290 27 19 31,

3037 1310 30 18 W.
3084 1309 64 20 Lewis,
3156 1309 40 17 who
3211 1307 17 17 is
3234 1306 65 21 taking
3312 1311 22 12 lin
3348 1306 57 18 active
3413 1311 38 18 part
3463 1309 18 17 in
3491 1309 77 26 obtaining

3037 1337 76 13 succour
3126 1331 30 17 for
3169 1331 30 17 the
3211 1335 41 12 men
3266 1329 18 17 of
3292 1329 31 17 the
3335 1330 48 17 west.
3394 1335 34 11 was
3437 1336 43 15 ire,
3485 1335 17 13 lit
3511 1333 30 17 and
3548 1335 22 18 ad.

3038 1355 72 18 dressed
3117 1354 27 18 Oa
3156 1351 85 22 meeting.
3276 1351 15 17 A
3300 1354 89 19 secretary
3397 1351 34 17 and
3446 1356 83 15 tre.,arer
3535 1361 37 14 were

3038 1375 98 25 appointed
3143 1380 20 13 to
3170 1376 31 15 act
3208 1380 24 12 on
3240 1372 61 18 behalf
3308 1372 18 17 of
3334 1372 31 18 the
3378 1374 45 21 body
3431 1375 18 17 in
3456 1376 83 21 re,eiving
3544 1381 13 15 ar
3557 1381 6 15 r
3563 1381 7 15 i

3039 1398 94 21 recording
3141 1396 138 19 contributions.

3060 1430 40 18 The
3113 1429 93 19 following
3221 1427 47 18 brief
3280 1428 69 20 reports
3361 1433 44 12 were
3415 1428 50 18 circa
3474 1427 5 22 i
3478 1429 6 17 s
3484 1429 6 17 ,
3498 1429 9 18 f
3508 1429 31 18 rom
3548 1433 22 17 the

3041 1453 81 17 districts
3131 1450 12 18 :
3143 1450 119 18 —Aberearue
3272 1453 39 13 sent
3319 1450 33 18 ..VS,
3360 1450 34 15 oust
3403 1450 30 15 the
3441 1450 41 20 soot,
3495 1457 43 11 ..man
3544 1455 28 17 mid

3041 1475 30 17 the
3080 1479 40 13 rues
3129 1474 20 17 at
3156 1472 41 19 that
3206 1472 51 21 place
3272 1478 45 11 were
3332 1472 83 20 prepared
3428 1476 18 12 to
3457 1474 91 18 contribute
3555 1476 18 17 Is

3041 1504 11 11 a
3060 1496 50 18 week
3117 1495 45 18 each
3169 1500 20 11 as
3196 1494 45 21 long
3247 1499 20 12 as
3279 1493 54 18 funds
3346 1500 44 11 were
3398 1494 70 17 needed.
3489 1496 84 21 Applausei

3043 1519 38 18 The
3090 1518 107 22 Apertillery
3208 1522 40 11 men
3256 1522 45 11 were
3311 1522 47 11 nicer
3372 1518 109 17 determined
3489 1518 39 18 than
3539 1526 31 12 over

3570 1535 4 8 s

3043 1541 35 17 and
3086 1540 59 17 wd'uld
3154 1539 41 25 give
3208 1538 40 19 .410
3260 1544 11 12 a
3281 1538 50 18 week
3344 1544 20 13 as
3371 1538 41 21 long
3423 1544 20 12 as
3455 1539 27 17 thy
3491 1545 37 12 men
3541 1547 34 13 were

3044 1565 38 15 out.
3105 1563 59 20 (Loud
3172 1560 99 21 applause.)
3294 1559 77 18 Machen
3379 1565 39 12 men
3426 1560 34 17 had
3465 1564 98 17 coisaameed

3045 1583 120 21 saliseription
3174 1583 37 20 list,
3227 1581 34 17 and
3278 1583 41 15 neat
3335 1581 87 21 Saturday
3439 1586 38 17 tpay
3494 1584 37 19 .niy)
3544 1585 15 21 th
3560 1585 7 21 e
3567 1585 8 21 ,

3045 1606 57 21 Impost
3110 1606 20 15 to
3137 1604 22 18 do
3169 1600 102 24 something
3279 1603 112 18 substantid.
3530 1605 46 22 Tydee

3045 1635 40 12 men
3094 1633 45 12 were
3149 1626 54 21 doing
3211 1631 11 12 a
3235 1625 53 18 little.
3322 1624 58 18 Work
3392 1624 34 18 had
3439 1625 41 18 been
3489 1632 38 17 very
3534 1628 43 20 slack.

3045 1652 33 17 Mr.
3092 1651 43 21 they
3143 1655 46 13 were
3204 1648 74 22 making
3292 1655 9 11 a
3318 1648 39 22 levy
3371 1649 19 17 to
3397 1648 22 18 do
3431 1648 45 18 what
3489 1649 37 22 they
3533 1651 45 18 could.

3046 1672 112 24 (Applause.)
3182 1671 87 19 Citerleou
3286 1671 33 17 has
3334 1676 22 12 no
3365 1670 59 18 11111011.
3442 1671 31 17 but
3506 1672 72 20 •nn,tni,

3047 1702 70 15 mosey,
3124 1695 37 18 and
3169 1696 44 17 next
3221 1694 90 18 Saturday
3319 1696 43 18 (pay
3370 1694 41 20 day)
3420 1694 40 20 they
3467 1700 17 9 vv.
3509 1695 25 15 .11,

3047 1722 19 14 to
3074 1720 22 17 do
3104 1723 50 12 more
3162 1717 45 17 than
3215 1716 43 21 they
3266 1711 27 21 had
3293 1711 9 21 .
3308 1715 84 18 hitherto.
3417 1716 72 20 (Appla•.
3541 1719 8 14 P
3561 1724 18 8 ••.

3048 1740 74 19 newvdd
3130 1740 37 18 hail
3182 1741 40 15 sent
3237 1739 34 18 Lb.
3286 1739 37 17 and
3339 1737 58 17 would
3404 1737 43 17 send

3047 1765 39 17 The
3096 1768 40 12 men
3148 1767 46 12 Were
3207 1761 47 18 alive
3267 1763 19 14 to
3299 1760 30 17 :he
3348 1760 107 20 importance
3464 1761 18 15 or
3496 1766 13 11 i,,
3522 1768 34 14 pee
3567 1768 12 11 us

3048 1792 48 12 one,'.
3132 1782 132 22 Melingritlith,
3280 1783 14 15 it
3309 1788 35 11 Wan
3358 1782 45 20 said,
3417 1782 57 17 would
3493 1783 15 15 to
3521 1785 40 18 what

3048 1808 59 17 could.
3490 1808 2 17 .

3073 1835 35 17 Mr.
3119 1833 56 18 Lewis
3184 1832 38 19 said
3234 1831 15 19 it
3256 1838 37 11 sva,
3309 1831 44 18 hard
3367 1831 53 18 times
3439 1831 28 17 for
3482 1831 26 18 the
3522 1838 34 13 men
3568 1834 13 17 in

3052 1856 174 20 Carmarthenshire.
3249 1856 52 17 Souse
3311 1853 34 18 had
3353 1853 44 18 been
3407 1857 31 14 out
3446 1854 9 15 r•
3463 1859 20 11 so,
3500 1854 22 17 ks.
3542 1856 40 18 With

3052 1880 31 17 the
3091 1878 93 22 ,xception
3193 1878 19 17 of
3222 1877 43 18 four
3280 1877 59 17 works
3358 1877 65 19 (whose
3442 1881 38 12 men
3498 1877 48 17 would
3560 1883 24 13 not

3053 1909 48 9 come
3110 1903 38 15 out)
3156 1900 24 17 he
3188 1899 79 17 believed
3286 1898 40 17 that
3345 1898 32 17 the
3397 1897 53 19 whok
3465 1898 54 18 wont
3530 1899 18 17 be
3555 1904 30 13 ata

3053 1923 53 19 stand
3125 1923 44 18 neat
3189 1922 94 20 Saturday.
3307 1920 47 17 That
3374 1919 56 18 would
3449 1923 84 19 repr,ent
3548 1928 37 12 some

3053 1948 63 18 30100
3123 1951 41 12 men
3172 1945 40 17 who
3221 1944 58 18 would
3286 1943 44 18 then
3335 1943 21 18 be
3365 1942 61 19 locked
3435 1945 35 15 out.
3493 1942 4 24 t
3502 1943 32 22 only
3547 1945 38 20 4,000

3054 1970 18 18 of
3084 1970 41 17 that
3133 1968 74 18 number
3216 1972 45 12 were
3268 1967 54 17 union
3331 1971 46 12 men.
3404 1965 14 17 A
3436 1968 48 19 great
3496 1967 64 18 number
3572 1968 14 18 of

3056 1993 87 17 monihrrs
3151 1996 45 11 were
3206 1989 81 20 working
3295 1990 19 15 at
3327 1988 53 18 other
3394 1989 63 19 works,
3476 1988 31 17 an.;
3522 1994 38 12 were

3056 2013 109 19 detomined
3181 2011 60 21 to-day
3257 2016 20 11 as
3296 2010 51 17 when
3367 2010 43 21 they
3424 2015 58 12 ,•0001k
3482 2015 8 12 ,
3490 2015 9 12 .
3566 2013 20 14 t-i.

3056 2036 74 22 plaie.e.)
3154 2034 53 19 With
3215 2033 65 22 regard
3287 2034 19 15 to
3319 2033 33 17 the
3366 2033 85 17 Jock-not.
3574 2033 2 26 •

3057 2065 30 15 say
3096 2059 31 17 the
3135 2062 40 12 turn
3189 2062 45 11 were
3250 2057 32 14 not
3296 2060 107 15 aggressors.
3433 2054 37 18 The

3056 2080 77 18 circular
3139 2083 20 13 to
3167 2079 31 17 the
3203 2079 83 17 masters,
3296 2076 66 21 asking
3371 2076 46 17 them
3426 2078 19 15 to
3454 2082 20 9 in.

3057 2101 120 19 concEiation,
3189 2106 21 12 to
3217 2100 41 18 that
3267 2099 44 17 lmtli
3319 2098 66 22 parties
3393 2098 57 21 might
3458 2105 30 9 co.,
3578 2098 5 22 -

3058 2126 47 21 Tiny
3115 2124 66 18 wished
3189 2125 19 15 to
3215 2124 22 15 be
3254 2121 40 22 paid
3314 2120 96 22 aemrding
3424 2124 19 14 to

3058 2148 38 18 The
3104 2148 74 15 minders
3185 2144 66 25 replied
3260 2144 24 22 hy
3293 2144 72 22 patting
3373 2150 24 15 up
3404 2150 13 11 a
3424 2144 51 17 !loth,

3058 2172 31 17 the
3097 2177 46 11 men.
3167 2170 28 17 He
3203 2167 128 22 emphatically
3339 2166 61 17 denied
3413 2166 30 17 the
3541 2166 2 24 ,
3560 2166 2 24 •
3580 2166 1 24 ,

3097 2199 39 9 z.u.n
3144 2197 46 12 were
3198 2191 31 18 the
3244 2196 45 15 aggro
3289 2196 8 15 ,
3298 2196 56 15 ..ors.
3385 2189 47 20 Why

3109 2216 19 14 :,t
3136 2219 11 11 a
3154 2215 54 15 lower
3216 2215 39 14 rate
3265 2212 45 17 thou
3320 2210 113 20 Engli,hmen

3099 2241 47 12 same
3155 2235 19 17 in
3182 2233 61 17 Wales
3252 2238 19 11 as
3280 2232 18 17 in
3308 2231 87 21 England,
3404 2231 34 17 and
3448 2231 28 17 the
3482 2233 34 14 ced
3529 2235 9 13 0
3582 2231 4 21 .

3063 2255 1 24 ,
3122 2258 46 20 rout,
3178 2255 35 19 and
3222 2255 48 19 coals
3283 2261 46 11 sot-re
3348 2255 30 17 the
3396 2259 52 11 ..ave-.
3472 2255 18 14 11,

3081 2287 15 11 ~:
3109 2281 30 18 the
3146 2281 44 17 time
3198 2278 34 18 had
3241 2284 40 11 now
3289 2283 50 11 conic
3352 2284 8 8 v
3369 2278 2 20 ,
3535 2278 4 20 ,

3063 2301 5 20 _
3100 2306 39 14 t..at
3145 2303 48 17 state
3202 2301 19 18 of
3233 2301 61 20 things
3302 2301 56 15 alt:n•
3528 2301 1 20 ,

3110 2326 35 15 fair
3152 2323 51 22 day's
3213 2322 48 18 work
3269 2322 30 17 for
3306 2327 12 12 a
3325 2321 35 17 fah.
3380 2322 28 14 .1...
3557 2321 2 25 '

3061 2353 19 13 1,1
3113 2348 19 17 to
3138 2347 79 21 improve
3226 2344 47 18 their
3282 2343 58 17 Mill&
3348 2343 33 17 and
3391 2344 32 15 11,.•

3145 2368 30 18 for
3182 2373 53 17 many
3243 2367 20 18 of
3274 2367 51 18 them
3339 2367 20 18 to
3371 2366 27 18 do.
3430 2366 26 17 He

3085 2388 2 21 •
3111 2392 34 18 -of
3154 2392 85 17 different
3247 2389 53 17 hints
3308 2389 18 15 of
3335 2389 47 15 work
3390 2389 17 15 in
3415 2388 54 18 nigh°
3469 2388 12 18 ,
3574 2398 15 6 „.

3064 2415 33 15 ,0..1
3106 2413 67 22 argued
3182 2413 41 18 that
3231 2412 50 18 there
3292 2418 35 11 was
3337 2417 22 12 no
3374 2417 61 11 reason
3451 2411 35 20 Nib)
3506 2411 27 15 Ow

3112 2446 7 6 ,
3128 2435 64 18 should
3197 2434 22 18 be
3228 2440 19 11 Co
3262 2433 53 18 mull
3324 2433 54 17 below
3393 2432 30 19 the
3439 2432 78 21 Engli.h.
3546 2431 6 21 k
3552 2431 37 21 ilts/.

3144 2458 17 18 A
3169 2457 98 19 resolution
3275 2463 37 11 was
3319 2456 63 21 passed
3391 2457 18 15 to
3417 2454 30 18 the
3459 2454 50 17 t•tfeet
3523 2454 35 17 that
3569 2453 15 17 th

3115 2483 17 15 in
3139 2479 157 20 Mounmuthshirc
3306 2479 72 20 support
3397 2477 32 18 the
3449 2483 37 11 men
3506 2483 35 11 Low
3547 2476 44 18 lorkei

3065 2511 28 11 .o,t
3105 2505 18 17 in
3132 2503 58 19 South
3198 2503 61 17 Wales
3269 2503 19 17 to
3298 2500 30 18 the
3335 2502 73 15 amount
3423 2499 20 18 of
3457 2500 25 15 ti.
3516 2505 7 11 r
3531 2498 44 20 ut-uk,
3583 2503 7 13 it

3065 2525 87 21 required.

3091 2551 5 1 •

3087 2558 38 17 The
3133 2556 138 21 correspondent
3280 2555 19 17 of
3313 2555 32 17 the
3358 2554 22 15 .Ib
3380 2554 7 15 ,
3387 2554 17 15 i/
3418 2552 77 17 remarks
3547 2552 14 15 It
3572 2551 21 17 ha.

3065 2581 45 17 lieen
3119 2578 96 18 estimated
3223 2578 40 17 that
3272 2577 14 17 if
3299 2576 31 18 the
3345 2575 85 18 dent:mils
3444 2575 19 18 of
3478 2576 116 15 ice

3065 2602 65 25 ployell
3137 2603 20 17 at
3165 2601 31 19 the
3209 2600 117 20 Pontarilawc
3335 2597 58 18 works
3407 2597 51 18 alone
3536 2597 2 30 ,

3066 2633 8 11 c
3086 2627 33 17 111'11
3128 2627 26 19 to,
3163 2624 13 18 it
3185 2624 59 18 would
3252 2629 53 12 eau,
3313 2628 22 12 ant
3343 2620 89 20 increased
3438 2627 27 15 ex!
3465 2627 9 15 ,
3483 2620 2 26 •
3566 2620 1 26 .

3089 2648 87 21 opvietors
3183 2647 19 19 of
3208 2653 24 12 no
3240 2646 34 18 less
3282 2646 45 17 than
3335 2646 69 18 £ii,iO
3413 2649 53 17 peril
3540 2646 1 24 :

3094 2672 30 14 lice
3130 2670 39 15 face
3175 2669 19 15 of
3200 2675 11 9 a
3216 2668 105 20 stagnation
3327 2667 19 17 of
3352 2666 51 18 mule
3409 2666 44 15 hith.
3458 2668 26 13 rto

3073 2692 14 15 I'.
3113 2692 63 15 extent
3181 2689 19 17 of
3208 2691 31 15 the
3247 2689 51 15 trade
3307 2688 19 17 in
3338 2687 32 18 the
3381 2688 83 15 Swansea
3478 2686 65 15 Vail,l

3097 2712 66 19 ...atm!
3174 2711 51 19 when
3234 2711 8 18 I
3250 2712 48 17 state
3306 2709 41 17 that
3356 2708 60 22 upward
3416 2708 9 22 ,
3425 2708 11 22 .
3449 2708 18 15 of
3475 2708 25 15 7..
3527 2713 7 7 t,
3548 2708 2 22 I

3092 2737 11 15 11
3116 2735 21 18 be
3145 2734 64 19 locked
3216 2734 38 20 out,
3262 2733 19 18 in
3289 2732 31 20 all,
3330 2731 66 22 during
3404 2731 24 18 th,
3476 2731 2 24 t
3524 2731 2 24 ,

3133 2760 19 15 to
3161 2757 50 18 these
3223 2763 40 14 may
3275 2756 21 15 lie
3311 2754 93 17 eThm'ltc,l
3465 2754 1 22 '

3069 2803 18 15 in
3096 2800 57 17 round
3265 2800 2 18 i
3363 2800 1 18 •
3411 2800 2 18 •

3069 2825 18 15 of
3098 2822 20 19 tic-

3069 2868 39 17 who
3116 2868 45 15 have
3178 2867 43 15 lance
3234 2864 71 21 alrenity
3326 2863 63 17 locbcil
3409 2868 37 12 out.
3489 2863 2 22 ,

3200 2888 76 17 nnit-tees
3288 2891 31 11 :Ire
3332 2884 44 18 both
3391 2884 97 17 tamninici.

3069 2911 58 18 mined
3136 2913 19 15 to
3163 2910 45 17 close
3217 2909 48 18 thor
3273 2908 65 19 'corks,
3352 2907 37 18 and
3403 2908 18 15 to
3436 2907 18 18 Int

3066 2934 30 18 till
3104 2940 11 11 u
3123 2939 48 12 more
3180 2931 116 20 satisfactory
3304 2931 126 19 arra...gement
3448 2929 14 17 is

3066 2956 40 14 that
3118 2954 72 19 agaimt
3202 2953 58 15 which
3269 2953 38 18 the.)
3320 2952 45 14 have

3067 2976 17 15 If
3093 2980 24 12 no
3124 2974 104 17 settlement
3235 2972 24 20 by
3267 2972 107 15 arbitration
3384 2975 33 9 can
3431 2970 20 14 be
3461 2976 44 8 milt

3066 2996 27 17 di.
3107 2998 30 14 ate
3143 2994 35 17 will
3188 2994 44 17 have
3241 2995 19 15 to
3274 2996 48 15 right
3343 2992 47 17 itneil
3409 2991 21 20 by
3443 2995 47 11 some
3511 2994 84 13 Inscrutat
3595 2994 9 13 ,

3066 3025 61 11 meaus
3136 3017 57 19 which
3202 3017 8 18 I
3220 3017 47 17 inset
3275 3014 70 18 confess
3354 3018 30 13 are
3392 3012 69 22 beyond
3470 3018 30 17 my
3508 3012 40 18 ken.

3096 3060 40 13 THE
3148 3057 162 17 MONMOUTHSHIHE
3309 3057 12 17 .
3321 3057 64 17 :A_ND
3397 3054 174 13 4;LOI,,:,TI.ESHIP

3097 3093 2 17 •
3367 3093 11 1 ''
3379 3093 5 17 ;
3565 3093 4 17 •

3347 3206 4 15 I
3363 3206 41 15 sNitil
3456 3206 2 15 •

3361 3252 79 19 Islvetitlg
3455 3255 9 11 a

3138 3352 79 24 NATI(
3334 3351 9 19 %
3351 3350 1 26 •
3363 3350 2 26 •
3373 3350 28 20 1;.1
3402 3350 7 20 ,
3426 3350 2 26 I
3448 3357 12 11 I,

3247 3385 45 19 1;1`i
3311 3385 25 18 1;1
3353 3384 31 19 I;
3407 3383 2 21 I
3436 3383 59 17 ..•••.,

3098 3423 17 18 A
3123 3422 66 21 specifa
3196 3420 165 17 incL

3077 3444 57 17 al.ame
3142 3443 56 18 union
3206 3448 37 11 wan
3253 3442 27 17 hi!
3289 3442 2 19 .

3078 3467 32 18 Jo,
3122 3467 21 21 ph
3152 3465 50 18 Arch
3209 3463 90 24 presidin:
3347 3463 20 15 I'.
3390 3463 1 25 •

3078 3489 79 18 Eastern
3165 3488 66 19 countii
3240 3494 7 11 ...
3254 3493 24 12 wa-

3078 3519 38 12 wa.
3124 3510 86 19 attende•l
3219 3510 22 21 by
3250 3510 27 17 Mi

3080 3535 63 18 CIIIILI/I
3208 3533 39 15 NOill

3083 3625 51 18 form.
3143 3625 6 20 r
3149 3625 26 20 1,,,
3190 3628 35 11 ant
3241 3631 11 7 .•
3259 3625 4 20 •
3269 3625 4 20 •
3282 3631 7 7 ..

3084 3647 63 17 rather
3155 3646 45 17 than
3208 3644 69 18 submit
3295 3644 4 20 ;

3085 3669 83 17 abandr,ll
3176 3667 32 17 the
3215 3666 57 17 union

3086 3690 19 18 in
3113 3690 31 18 the
3152 3689 102 18 locked-out
3262 3687 27 20 •11.-

3086 3712 43 17 that
3136 3711 32 18 the
3176 3716 40 13 men
3224 3710 63 18 should
3299 3710 2 19 •

3087 3742 22 12 on
3119 3735 79 21 Monday
3208 3733 66 21 migrat
3293 3735 76 13 I
3369 3735 76 13 •

3089 3758 40 18 Ball
3137 3757 45 19 took
3189 3756 45 19 with
3243 3756 37 19 him
3294 3755 45 19 fr•••••
3351 3755 30 18 Cie
3394 3755 18 17 1,,

3090 3781 57 18 whi••11
3163 3781 38 18 will
3216 3778 110 19 di,tributed
3344 3782 19 13 .4)
3381 3777 31 17 the
3436 3776 15 18 to
3463 3775 8 17 k

3091 3804 18 15 in
3131 3803 32 17 the
3187 3801 117 19 Newmarket
3326 3800 78 17 •ii.-trict.
3426 3798 61 15 Var••••.

3091 3826 58 17 under
3168 3826 52 17 411.00
3241 3829 46 11 were
3318 3828 8 11 v
3337 3820 37 22 •t••
3383 3820 9 22 1
3402 3820 18 22 to
3444 3820 64 15 •li,tr,•••

3091 3847 19 18 to
3133 3849 37 15 •out
3174 3854 8 9 s
3196 3846 53 18 exist.
3273 3846 38 17 The
3322 3844 33 17 EKI
3363 3843 59 17 cutir,o
3436 3843 13 13 4•
3451 3840 51 19 °mud
3504 3841 18 15 tti

3093 3874 33 8 --
3136 3869 56 21 That,
3208 3867 113 19 considering
3341 3866 15 19 it
3374 3866 35 18 will
3430 3865 20 17 1,
3469 3861 50 18 con.la
3519 3861 8 18 ,
3527 3861 26 18 lic
3563 3860 17 13 to

3094 3893 104 18 settlement
3207 3892 19 19 of
3236 3892 31 18 the
3282 3889 84 22 ,jus,titin
3381 3888 78 18 betw,”
3476 3886 65 14 farmers
3557 3879 28 19 and
3614 3882 9 9 t.

3096 3918 73 17 bearers
3229 3913 103 18 committ,
3340 3912 83 20 -trougly
3438 3917 13 11 ri

3096 3944 40 11 met,
3144 3930 64 24 10•_'1,••1
3215 3938 32 14 out
3256 3937 17 15 it.
3282 3935 31 15 the
3325 3934 19 17 B.
3357 3934 47 15 dont
3411 3932 70 18 •li.triet
3495 3933 17 12 to
3523 3934 9 13 a
3533 3934 11 13 p
3583 3927 27 12 •,••

3097 3958 53 18 Boar
3151 3958 25 17 •l
3176 3958 19 17 of
3210 3964 20 9 in
3237 3963 14 9 ir
3257 3957 37 15 lxiii
3313 3957 7 14 I
3332 3960 8 9 r
3438 3951 66 22 Special
3511 3956 22 9 a,.

3097 3986 31 12 are
3136 3980 12 17 Ix
3159 3985 31 17 leg
3198 3978 51 18 Trude
3257 3977 28 18 for
3293 3977 32 18 the
3339 3983 6 9 x
3351 3976 97 21 migration
3457 3973 19 17 of
3488 3971 54 18 labor-
3599 3965 20 14 I•.

3098 4003 93 20 Canadian
3206 4000 96 21 Dominion
3314 3999 26 19 f.:
3340 3999 8 19 ,
3348 3999 87 19 ..vernment
3469 3999 2 24 •
3579 3999 1 24 •

3099 4035 52 14 sages
3159 4029 19 17 to
3191 4024 119 24 agricultural
3325 4023 91 19 Libourt,r-
3430 4023 2 26 .

3100 4052 81 15 servant.
3189 4050 19 17 at
3215 4049 31 17 the
3254 4049 39 15 rate
3301 4048 19 15 of
3330 4048 28 15 12
3366 4048 25 14 5..
3399 4051 26 15 p..

3100 4075 9 15 8
3118 4077 58 17 year-,
3187 4071 27 17 11
3222 4072 26 15 2,
3257 4069 28 17 Gil.
3295 4068 4 26 ;
3313 4068 35 17 nail
3357 4068 59 17 infant-

3102 4095 79 19 bowers.
3189 4098 21 12 or
3221 4094 20 17 to
3260 4090 48 22 ingle
3317 4089 105 22 agricultur.
3431 4089 2 25 1
3618 4089 4 25 ,

3103 4124 40 12 men
3156 4116 44 19 with
3219 4121 22 13 no
3249 4114 87 20 children,
3352 4113 32 19 the
3400 4119 39 15 pa--

3103 4141 51 18 wlult
3162 4139 4 20 ;
3177 4140 81 18 children
3267 4139 57 17 under
3337 4141 9 13 a
3358 4141 58 17 purs,

3104 4165 20 15 la
3136 4163 46 15 .111,.
3203 4161 39 18 The
3250 4160 77 18 Ontario
3328 4159 132 47 tiovernm.nt.igricultrnsol
3230 4182 64 17 labour
3339 4187 14 14 II
3406 4179 18 17 Ii
3433 4192 8 6 -

3104 4199 99 26 allitional
3213 4205 56 18 bonus
3278 4204 18 17 of
3346 4199 2 26 '
3378 4208 6 2 -
3464 4199 2 26 ,
3489 4199 1 26 •
3576 4199 5 26 -

3104 4231 30 18 for
3142 4228 43 18 each
3194 4227 53 21 child,
3255 4226 43 18 thu-
3527 4222 2 26 •
3569 4222 4 26 ,

3105 4258 19 12 to
3131 4252 27 18 .11
3172 4252 25 17 Os.
3207 4251 35 19 441.,
3250 4250 35 17 awl
3296 4250 28 15 10-
3340 4263 9 2 _
3376 4251 22 13 1.,.
3417 4246 1 24 •
3429 4251 32 11 •...
3474 4246 2 24 •
3576 4246 2 24 '

3106 4272 124 22 Agricultural
3242 4271 126 19 Labourer.
3369 4270 59 18 Union
3441 4267 20 17 ad
3467 4276 17 7 ..•
3580 4267 4 27 -

3105 4297 41 17 her,
3158 4296 40 17 who
3214 4294 87 19 emigrate
3318 4293 6 15 t
3324 4293 25 15 1,••
3365 4297 39 12 =um
3422 4290 18 18 of
3456 4290 28 18 4:1,

3106 4318 47 17 her',
3167 4317 46 20 wife,
3224 4316 35 18 and
3273 4315 120 18 3..•1.
3429 4315 1 22 .
3481 4315 1 22 •
3550 4318 7 2 -

3107 4346 39 13 age.

3462 3907 85 18 I.OW-11111.,i4
3561 3907 15 13 tb•

3109 4411 52 18 THE
3174 4408 163 20 ANTHRACITE
3357 4407 64 18 O.PAL
3436 4401 83 21 TRADE
3542 4397 20 18 11
3573 4396 22 17 SOI

3343 4428 93 19 WALES.

3548 4446 4 1 -

3607 4452 19 8 coi

3133 4466 61 18 About
3202 4472 12 11 a
3220 4463 91 21 fortnight
3320 4462 46 17 ~ince
3376 4467 11 11 a
3403 4459 77 20 meeting
3491 4455 18 18 of
3517 4452 83 20 anthrseite

3112 4488 44 19 liery
3176 4486 110 21 proprietors
3301 4491 37 9 woe
3353 4483 43 15 held
3411 4485 19 13 at
3439 4481 86 17 Stvan,a,
3534 4474 43 18 when
3583 4470 12 15 it
3606 4469 27 12 a.

3112 4507 128 20 unanimously
3247 4505 79 20 decided,
3334 4502 113 20 con,idering
3456 4501 30 15 the
3494 4498 66 21 preisnt
3567 4489 71 24 depr,-.4

3112 4531 93 19 condition
3214 4528 19 19 of
3241 4528 31 18 the
3278 4527 64 18 labour
3351 4525 76 20 11.arket,
3438 4522 38 18 that
3485 4527 9 11 a
3504 4515 81 21 roluction
3594 4515 14 11 It
3614 4507 22 28 the

3113 4561 59 15 wages
3180 4553 19 19 of
3207 4552 32 19 the
3246 4557 40 13 men
3294 4550 64 19 ,hould
3366 4547 43 20 tike
3423 4546 47 24 place
3477 4546 19 17 to
3509 4541 31 19 the
3547 4538 51 19 extent
3605 4530 14 20 of

3113 4584 31 15 per
3152 4578 48 18 cent.
3224 4576 66 18 Before
3299 4574 59 21 giving
3369 4572 64 19 notice,
3441 4570 83 18 however,
3533 4564 13 18 it
3554 4566 30 13 vro.
3592 4554 35 21 sro
3627 4554 12 21 ,

3115 4600 41 15 that
3164 4605 12 11 a
3183 4597 107 21 deputation
3299 4596 63 17 should
3374 4594 43 15 wait
3426 4596 44 18 upon
3487 4590 30 14 the
3524 4583 64 20 miner;
3600 4577 40 21 sgett

3115 4622 20 15 to
3148 4622 72 19 request
3233 4618 38 17 him
3285 4618 19 15 to
3317 4622 27 14 agr
3344 4622 9 14 ,
3384 4616 20 15 to
3410 4615 31 15 the
3455 4616 45 13 iftllll,
3508 4615 21 9 01.
3537 4603 54 26 behalf
3599 4600 25 17 eft

3116 4648 47 12 men.
3185 4642 39 17 The
3237 4639 92 18 interview
3344 4636 43 19 took
3400 4635 48 22 place
3456 4639 11 9 a
3476 4632 32 15 f..w
3516 4629 40 20 day,
3566 4629 44 13 ,tcr.
3617 4619 25 15 end

3116 4663 37 18 and
3161 4663 31 18 the
3200 4663 54 20 agent
3268 4659 81 19 declined
3365 4661 19 15 to
3399 4663 35 12 are.
3442 4655 20 18 dc
3476 4657 19 13 to
3507 4651 30 18 the
3632 4637 9 18 A

3630 4664 13 12 er

3117 4685 65 19 second
3197 4683 80 22 meeting
3293 4682 19 19 of
3326 4682 31 18 the
3371 4681 30 18 mas
3400 4681 9 18 t
3410 4681 30 18 ers
3439 4681 11 18 .
3458 4672 87 21 conventd
3559 4675 15 13 to
3581 4661 26 30 cer,
3607 4661 7 30 ,
3614 4661 14 30 ll

3117 4709 31 18 the
3162 4707 47 24 reply
3217 4707 19 18 of
3250 4706 31 19 the
3289 4707 61 20 agent,
3366 4710 12 9 a
3378 4710 12 9 -
3390 4710 12 9 ,
3416 4701 40 19 held
3463 4707 21 12 on
3493 4695 83 20 Tne,,l.Ly.
3582 4691 28 15 ant
3621 4682 14 19 th
3635 4682 7 19 ,

3112 4716 1 37 ;
3117 4730 105 22 deputation
3230 4728 69 21 having
3312 4727 83 22 rei-ortel
3406 4726 31 18 the
3445 4721 79 20 re-nithl
3533 4720 21 17 tl,.
3567 4716 45 17 intcr

3112 4739 1 33 '
3117 4755 15 17 it
3141 4760 35 11 was
3183 4752 81 19 resolved
3272 4752 41 17 that
3319 4752 67 15 notices
3402 4749 21 17 be
3431 4748 8 21 g
3439 4748 43 21 ,iven
3496 4746 19 15 to
3522 4742 28 18 the
3557 4742 35 14 men
3599 4739 7 13 r
3606 4739 8 13 ,

3119 4778 27 15 Ist
3155 4776 18 15 of
3183 4775 44 20 May
3240 4776 20 14 to
3272 4773 96 18 terminate
3380 4772 24 15 all
3417 4769 89 18 contracts
3514 4765 57 18 within
3583 4766 9 11 a
3599 4757 34 15 t.A
3633 4757 12 15 .

3118 4798 47 17 from
3174 4798 41 15 that
3222 4796 50 14 time.
3294 4794 22 17 In
3325 4793 31 17 the
3364 4794 53 15 event
3429 4792 20 17 of
3461 4792 30 15 the
3501 4793 37 12 'nen
3547 4785 27 17 lot
3581 4774 64 26 agreeing

3118 4822 20 14 to
3145 4819 31 17 the
3185 4817 87 21 proposal,
3280 4820 12 11 a
3300 4814 71 20 general
3380 4813 85 18 lock-out,
3474 4809 54 18 which
3557 4796 69 27 csiwctel
3632 4798 14 13 to

3118 4839 66 18 extend
3191 4844 43 12 over
3241 4844 12 9 a
3260 4835 110 21 lengthened
3377 4834 67 22 period,
3452 4833 34 17 will
3495 4831 39 18 take
3541 4827 48 21 place.
3604 4819 43 18 Them

3119 4869 30 11 are
3157 4859 84 24 upwards
3248 4858 19 19 of
3276 4858 61 21 10,000
3346 4864 40 12 men
3399 4854 91 25 employed
3498 4853 18 17 in
3529 4851 27 17 the
3565 4838 81 35 anthracii

3119 4883 89 19 collieries
3228 4883 19 18 in
3267 4880 175 21 CarmarletAire,
3463 4869 9 27 P
3472 4869 9 27 e
3482 4869 69 27 mbroke-
3550 4869 9 27 I
3560 4869 20 27 dr
3580 4869 21 27 ,,
3619 4864 11 14 a
3630 4864 11 14 w

3120 4904 165 21 Glamorganshire.
3644 4904 2 21 -

3120 4961 77 17 Printed
3208 4961 30 17 for
3246 4961 31 15 the
3289 4961 106 19 Proprietor
3406 4958 63 18 byte
3481 4952 94 18 Co-opersta

3143 4971 430 31 l't.

3144 4988 89 32 Stree
3233 4981 4 40 Hl
3237 4981 1 40 '
3239 4981 4 40 t7
3242 4981 2 40 d
3252 4981 27 39 st
3279 4981 13 39 '
3292 4981 13 39 e
3305 4981 14 39 e
3319 4981 14 39 ,
3333 5002 12 14 S

3293 4974 7 47 r
3300 4974 7 47 y
3307 4974 22 47 alS
3330 4974 77 47 tritrrirsh
3406 4974 15 47 ri
3422 4974 22 47 i;e
3444 4974 7 47 6
3451 4974 7 47 :
3458 4974 15 47 4'
3474 4974 8 47 s
3482 4974 25 47 '4'
3507 4974 17 47 ni
3523 4974 8 47 i
3635 4964 11 31 17:
3646 4964 5 57 y

3144 5024 24 15 W
3171 5029 6 11 I
3182 5027 63 13 LLIAM
3254 5023 69 18 OWEN,
3332 5020 128 18 Union-street,
3469 5010 115 21 Woinesbary

3254 5044 136 17 SATURDAY,
3399 5042 50 17 MAY
3459 5041 17 17 'A
3488 5037 46 15 IC,.

3728 116 27 90 i

1232 467 111 40 THE
1380 457 294 45 EXAMINER,
1714 448 288 48 SATURDAY,
2039 444 116 44 MAY
2194 444 40 43 2,
2272 442 118 40 1674.
